2940 3661
1270 62 1579 113 ...u-

62 242 164 288 -s..
174 215 413 262 evincitur
432 228 579 282 quum
608 214 884 261 Saturarum
927 215 1209 279 quibusdam
1228 213 1473 279 reliqpiig,
1515 223 1619 261 tuui-
1653 218 1714 263 iis
1749 229 1870 278 quaa
1903 232 1963 264 cx
1997 220 2144 279 prmo
2179 185 2509 280 Λήθῃ-Ιαπ-
2535 223 2677 270 M·-
2782 232 2785 234 “

175 297 367 343 nutu·
381 287 626 357 exscripmt
660 308 703 352 p.
740 294 843 340 214.
889 296 1167 354 comparatis
1203 309 1305 342 curn
1343 293 1659 342 varronianae
1694 298 1932 344 doemone
1970 299 2209 358 praculis
2245 313 2370 361 qaae
2391 306 2543 349 ωι-
2535 304 2665 363 apud
2756 356 2758 361 ,

79 428 82 432 ⁴
177 377 391 421 Servium
419 374 467 419 ΙΙ.
497 373 544 420 ΙΙ.
577 373 860 419 macrobium
889 375 1047 421 Somn.
1080 377 1156 421 Sc.
1186 390 1230 435 p.
1258 375 1333 422 53.
1364 377 1809 436 Bip.Booetl1iuatl.
1839 379 1870 424 Ι.
1900 393 1947 438 p.-
1974 378 2086 427 39.
2139 383 2181 428 Α
2208 381 2404 443 singulis
2429 381 2669 432 ssiu-raa·

181 459 253 500 dis
282 469 405 501 nuuc
431 456 613 517 quidem
640 456 957 500 abstinendum
987 466 1084 509 est,
1112 457 1201 500 hoc
1227 470 1340 507 vero,
1367 458 1649 513 affluendum,
1681 458 1929 504 Varronem
1958 458 2276 508 contundendo
2303 469 2351 507 et
2377 462 2663 517 concilifflo

184 537 403 587 aliorum,
432 534 641 579 Platonis
669 542 846 592 praeter
874 543 1075 590 ceteros,
1117 538 1368 581 sententias
1395 551 1497 582 cunt
1530 539 1783 583 Stoicorum
1813 538 1991 597 placitis
2019 553 2111 584 non
2138 553 2194 584 eo
2224 531 2522 598 mgr-esium·
2541 554 2664 596 ensa,

183 625 233 660 nt
271 617 404 659 deum
447 622 492 658 et
524 614 772 658 humanam
813 615 1006 659 animam
1043 629 1071 657 a
1110 617 1278 660 mundo
1317 624 1362 660 et
1399 630 1590 673 corpore
1622 617 1826 673 *humano
1866 620 2122 675 separando
2167 619 2350 665 Stoicae
2391 622 2663 679 discipliuae

185 697 363 752 penitus
406 692 683 738 convelleret
723 701 769 738 et
811 701 1034 761 everteret
1076 694 1430 740 fundamentum.
1519 696 1654 747 Quod
1700 698 1764 741 ita
1805 693 1912 743 esse
1950 687 2043 743 non
2085 698 2272 743 multum
2326 698 2501 753 abfuit,
2559 702 2668 760 quin

189 771 438 819 Merkelius
482 773 796 829 pronuntiaret
837 772 869 816 l.
915 772 943 817 Ι.
988 788 1032 832 p.
1086 774 1175 818 112.
1225 775 1406 819 dicens:
1466 773 1671 824 „Quodsi
1721 776 1894 832 Varro,
1952 787 2004 821 ut
2055 779 2102 822 in
2150 778 2252 822 loco
2301 779 2546 835 Augustini
2599 787 2671 825 est

187 854 262 910 (C.
296 853 353 898 D.
387 852 495 906 vu,
525 851 650 909 23),
688 855 997 909 pervenire
1035 861 1207 918 tantum
1244 853 1290 897 in
1330 862 1454 898 astra
1494 855 1584 899 vim
1624 856 1878 901 aetheream
1916 858 2058 910 dixit,
2097 871 2212 902 usus
2249 867 2321 903 est
2360 858 2595 903 Platonico
2625 861 2671 902 in

188 933 413 978 sententia
442 932 701 976 Stoicorum
732 939 1106 989 temperamento:
1146 934 1227 977 sed
1257 934 1442 987 dubito,
1480 947 1540 978 aa
1577 948 1635 979 eo
1673 936 1814 980 verbo
1850 950 1945 980 rem
1984 920 2312 994 perturbaverit
2341 916 2670 994 Augustinus.-

193 1013 407 1056 Fortasse
437 1010 685 1061 Merkelius
714 1012 761 1054 in
781 1011 863 1055 vhis
891 1025 1073 1070 qnoque
1103 1012 1161 1055 de
1189 1011 1335 1055 mala
1364 1011 1510 1066 side,
1548 1012 1620 1057 vel
1648 1015 1706 1058 de
1735 1016 2035 1061 mendacio
2074 1016 2314 1074 cogitavit,
2354 1029 2444 1075 quo
2473 1015 2674 1062 adhibito

195 1093 483 1149 Augustinus
514 1091 735 1134 Varronis
763 1092 1011 1135 doctrinam
1043 1093 1359 1149 pervertisset3
1398 1095 1518 1151 quod
1558 1093 1684 1139 illum
1715 1093 1879 1140 fecisse
1907 1109 2000 1141 uno
2029 1096 2173 1141 velem
2204 1096 2435 1142 luculento
2468 1095 2681 1154 exemplo>

197 1175 552 1216 demonstratum
591 1180 726 1217 esset.
788 1171 903 1232 Nam
943 1171 1162 1215 Mundum
1202 1186 1230 1215 a
1264 1173 1493 1227 Varrone,
1533 1172 1761 1218 Zenonem
1798 1182 2014 1231 sequente
2052 1176 2165 1231 (vid.
2200 1176 2384 1233 Lipsius
2415 1175 2674 1233 Physiolog.

196 1253 264 1298 St.
297 1253 327 1296 Ι.
360 1267 397 1296 c.
428 1252 496 1307 4.)
524 1251 685 1295 Jovem
716 1241 884 1296 dictum
913 1264 1017 1295 esse
1040 1238 1161 1306 (vid.
1194 1250 1442 1296 Merkelius
1473 1252 1500 1297 l.
1532 1254 1560 1298 l.
1592 1268 1632 1310 p.
1664 1254 1788 1309 225.)
1816 1254 2097 1312 eundemque
2124 1255 2312 1307 Janum,
2348 1255 2560 1314 videlicet
2588 1268 2675 1298 suo

197 1340 438 1388 utrumque
459 1332 595 1390 Jure,
624 1330 737 1376 nihil
765 1331 812 1374 in
843 1344 894 1374 se
924 1330 1072 1384 habet,
1105 1345 1194 1387 quo
1225 1330 1486 1383 offendaris,
1515 1338 1561 1375 et
1589 1325 1774 1376 fallendi
1803 1334 2000 1377 studium
2028 1335 2086 1377 ab
2113 1334 2358 1391 Augustini
2387 1325 2676 1390 (Tertulliani

198 1414 401 1471 quoque)
431 1419 477 1456 et
506 1410 688 1468 ingenio
717 1418 763 1454 et
792 1410 983 1454 consilio
1013 1424 1125 1454 sane
1154 1425 1246 1455 non
1286 1411 1443 1455 dubito
1481 1411 1588 1468 quin
1619 1410 1814 1454 alienum
1844 1412 1994 1457 fuerit.
2056 1413 2103 1457 ln
2132 1413 2220 1472 hat}
2246 1415 2509 1471 praesertim
2539 1427 2679 1458 causa

198 1499 371 1537 tantum
401 1492 546 1544 abest,
575 1498 628 1534 ut
657 1486 945 1548 Augustinus
973 1490 1216 1548 quidquam
1244 1491 1509 1545 turbaverit,
1542 1499 1592 1535 ut
1619 1492 1666 1535 in
1698 1492 1799 1549 ipsa
1816 1492 2073 1536 Stoicorum
2102 1494 2307 1537 doctrina
2335 1490 2507 1551 aliquid
2536 1493 2680 1538 fuisse

201 1579 372 1621 certum
401 1571 478 1622 sit,
509 1583 599 1628 quo
631 1570 773 1614 Stoici
803 1570 892 1625 ipsi
924 1577 1082 1614 contra
1110 1583 1161 1613 se
1191 1583 1393 1627 pugnare
1422 1571 1676 1615 videantur.
1737 1572 1859 1629 ignis
1889 1573 2006 1616 enim
2038 1586 2177 1629 quum
2207 1586 2236 1615 a
2263 1572 2431 1616 Stoicis
2460 1571 2682 1615 elementa

203 1651 478 1707 (nmaximas
506 1641 659 1707 parte's
686 1649 898 1703 mundi«)
928 1657 1117 1703 terram,
1148 1662 1340 1707 aquam,
1370 1663 1548 1703 aerem,
1578 1657 1758 1694 tranare
1787 1652 2008 1706 dicatur,-
2031 1651 2231 1708 „reliqna
2259 1659 2416 1706 quarta
2447 1665 2552 1707 pars
2583 1653 2682 1706 ipsa

198 1738 295 1776 tota
334 1717 498 1775 natura
536 1727 711 1773 fervida
747 1734 861 1782 θῦμα
903 1728 997 1773 Cic.
1030 1728 1085 1772 N.
1117 1728 1174 1772 D.
1209 1728 1265 1781 ll,
1298 1730 1392 1782 10.‚
1432 1737 1478 1773 et
1515 1730 1765 1775 secundum
1805 1731 1992 1773 eandem
2031 1732 2249 1772 rationem
2289 1731 2462 1781 sidera,
2504 1733 2588 1772 etsi
2623 1744 2680 1771 ex

202 1809 397 1855 aetheris
429 1807 675 1865 purissima
715 1815 878 1863 parte
916 1808 1038 1864 gigni
1069 1808 1308 1860 dicuntur,
1354 1822 1502 1865 neque
1539 1808 1631 1852 alia
1660 1818 1889 1863 praeterea
1919 1823 2024 1852 esse
2053 1810 2243 1851 admista
2271 1818 2457 1860 natura,
2498 1810 2591 1851 Cic.
2626 1809 2679 1850 N.

206 1889 263 1935 D.
294 1888 350 1940 ΙΙ,
386 1889 464 1940 15,
504 1888 549 1931 in
588 1901 678 1944 quo
716 1885 819 1931 loco
850 1887 1132 1943 potissimum
1162 1888 1319 1931 nititur
1348 1887 1554 1931 Merkelii
1584 1889 1892 1941 ratiocinatio,
1935 1897 2081 1931 tamen
2124 1889 2169 1930 iu
2208 1888 2388 1930 aethere
2425 1888 2682 1943 gignuntur,

207 1978 257 2014 ut
285 1969 464 2013 animus
494 1967 665 2020 mundi,
697 1981 829 2024 quem
859 1968 1009 2024 ignem
1039 1981 1145 2010 esse
1174 1975 1456 2019 asseverant,
1484 1980 1642 2011 omnes
1673 1976 1822 2024 partes
1852 1968 2005 2010 mundi
2028 1970 2152 2022 (nest
2171 1974 2319 2010 autem
2342 1964 2459 2009 nihil
2490 1966 2536 2008 in
2566 1967 2688 2009 omni

208 2051 375 2094 arundo
405 2049 528 2106 quod
558 2061 648 2090 non
678 2061 784 2103 pars
813 2046 1016 2091 universi
1047 2047 1164 2099 sit«,
1203 2046 1299 2090 Cic.
1332 2046 1387 2089 N.
1421 2046 1476 2090 D.
1511 2046 1563 2099 ΙΙ,
1599 2047 1892 2103 ΙΟ.),,εῑίωη
1933 2047 2036 2103 ipsa
2073 2055 2198 2090 astra
2235 2058 2466 2103 permeare
2495 2045 2683 2089 dicatur.

208 2131 269 2175 Ut
299 2137 369 2173 est
399 2130 445 2170 in
476 2127 618 2170 Acad.
651 2126 707 2177 ll,
735 2126 831 2170 32:
875 2125 1000 2168 »Erit
1027 2128 1069 2169 ei
1104 2125 1629 2182 (StoicoYpet-suasum,
1669 2127 1802 2170 etiam
1833 2126 2000 2177 solem,
2037 2126 2219 2177 lunam,
2256 2124 2413 2169 stellas
2442 2137 2598 2169 omnes
2633 2145 2686 2157 *-

211 2224 314 2255 esse
345 2210 484 2258 deoS,
524 2207 645 2264 quod
683 2205 907 2263 quaedam
948 2205 1157 2249 animalis
1195 2205 1491 2261 intelligentia
1520 2219 1600 2261 per
1628 2206 1778 2249 omnia
1806 2219 1861 2249 ea
1889 2213 2119 2261 permanet
2146 2212 2191 2248 et
2219 2210 2461 2266 transeat«
2525 2204 2689 2266 Viden-

213 2293 300 2333 dus
330 2296 401 2331 est
430 2287 639 2344 Lipsius,
681 2286 757 2343 qui
798 2283 1032 2341 praeclare
1071 2285 1126 2328 de
1166 2284 1238 2327 his
1269 2284 1467 2339 disputat
1496 2285 1541 2327 in
1573 2283 1773 2340 Physiol.
1807 2284 1873 2327 St.
1909 2285 1940 2336 l,
1971 2286 2010 2328 4.
2043 2286 2083 2327 7.
2114 2284 2155 2327 8.
2187 2293 2233 2328 et
2262 2268 2493 2327 Francken
2525 2284 2550 2326 Ι.
2586 2284 2613 2326 l.
2645 2299 2688 2339 p.

213 2369 284 2413 83.
329 2366 550 2411 Varronis
587 2364 856 2409 sententiam
898 2363 1135 2418 diligenter
1171 2362 1432 2418 explicans,
1472 2376 1555 2406 nec
1593 2364 1634 2406 is
1675 2362 1829 2419 Lipsio
1866 2365 2188 2418 praetermisso
2278 2363 2377 2405 Jam
2418 2376 2527 2405 vero
2566 2364 2691 2406 nobi·

217 2449 421 2494 lissimus
448 2446 523 2491 ille
553 2446 680 2488 loeus
714 2444 981 2500 Augustini,
1023 2443 1100 2499 qui
1131 2441 1350 2485 Merkelio
1381 2440 1617 2485 offensioni
1647 2441 1752 2495 fuit,
1795 2456 1883 2485 non
1915 2457 2002 2485 uno
2034 2442 2166 2485 modo
2195 2442 2494 2497 depravatus,
2529 2443 2597 2485 sic
2627 2454 2693 2485 re·

217 2527 475 2573 stituendus
503 2525 686 2568 videtur
712 2536 819 2566 esse
848 2522 899 2565 G.
933 2521 987 2564 D.
1024 2521 1123 2573 Vll,
1153 2522 1223 2566 23.
1258 2521 1403 2563 Varro
1433 2535 1477 2577 p.
1508 2521 1606 2565 222.
1649 2522 1745 2578 Bip.
1780 2520 1920 2564 „Tres
1959 2529 2066 2564 esse·
2101 2519 2295 2564 affirmat
2323 2522 2499 2564 animae
2525 2524 2694 2578 gradus

219 2611 268 2654 in
296 2608 416 2652 omni
445 2595 750 2663 universaque
779 2611 963 2646 natura:
1002 2615 1139 2645 unum
1182 2626 1232 2634 -—
1275 2603 1350 2658 qui
1384 2615 1475 2645 non
1502 2600 1636 2645 habet
1664 2616 1848 2645 sensum
1891 2617 1967 2652 -ς
2005 2602 2252 2645 secundum
2295 2625 2372 2654 --,
2413 2602 2460 2644 in
2499 2616 2588 2659 quo
2627 2611 2697 2657 est

220 2701 406 2739 sensus,
435 2686 552 2729 hanc
581 2687 673 2728 vim
702 2684 938 2740 pervenire
967 2683 1014 2726 in
1042 2682 1221 2734 oculos,
1249 2694 1403 2732 aures,
1433 2694 1585 2733 nares,
1615 2695 1685 2735 os,
1718 2690 1898 2725 tactum.
1960 2680 2161 2725 Tertium
2198 2705 2242 2712 -
2277 2681 2354 2737 qui
2385 2689 2574 2725 vocatur
2602 2683 2697 2725 ani·
2757 2735 2772 2744 ὁ

224 2782 344 2819 mus,
375 2769 421 2809 in
454 2780 543 2822 quo
571 2763 867 2820 intelligentia
896 2763 1144 2818 praeminet
1165 2786 1234 2814 -‚
1266 2760 1382 2805 hanc
1409 2768 1577 2818 partem
1609 2762 1785 2804 animae
1814 2760 1966 2804 mundi
1996 2759 2104 2804 dicit
2133 2759 2284 2811 deum,
2312 2759 2359 2804 in
2392 2760 2522 2804 nobis
2553 2768 2700 2805 antem

227 2849 408 2905 genium
439 2845 609 2889 vocari.
671 2844 749 2886 Sic
778 2855 888 2900 ergo
915 2849 962 2885 et
992 2842 1037 2885 in
1065 2842 1216 2885 anima
1245 2842 1397 2884 mundi
1427 2847 1520 2883 tres
1549 2841 1719 2895 gradus
1748 2840 1989 2882 instituens
2027 2853 2161 2882 unam
2203 2846 2371 2894 partem
2398 2839 2512 2896 ejus,
2530 2840 2701 2897 lapides

226 2941 332 2972 esse
362 2926 472 2970 dicit
498 2932 544 2969 et
572 2922 698 2980 ligna
726 2930 771 2965 et
799 2921 916 2965 hanc
943 2927 1135 2973 terram,
1173 2935 1307 2978 quam
1348 2921 1578 2974 videmus,
1621 2934 1710 2977 quo
1750 2934 1839 2963 non
1880 2927 2110 2976 permanat
2148 2932 2326 2968 sensus.
2388 2918 2534 2962 Aliam
2574 2934 2699 2972 vero,

234 3021 364 3064 quam
395 3017 579 3049 sensum
609 3010 744 3046 vocat
772 3001 892 3059 ejus,
924 3009 972 3044 ut
1000 3009 1166 3044 astra
1195 3003 1288 3058 (vg.
1323 3000 1540 3057 aethera).
1601 3000 1798 3043 Tertiam
1831 3013 1966 3056 porro
1995 3013 2126 3057 quam
2157 3007 2202 3042 et
2230 2999 2443 3044 animum
2483 3002 2577 3056 (vg.
2608 3001 2703 3044 ani·

235 3089 406 3141 marn)
435 3086 536 3143 ejus
564 3091 819 3139 nuncupat,
860 3095 1006 3139 quae
1044 3081 1279 3126 scilicet
1314 3082 1580 3138 pervenit
1610 3083 1654 3124 in
1683 3088 1834 3123 astra:
1868 3094 1966 3123 eam
1996 3093 2176 3138 quoque
2205 3081 2369 3123 asserit
2396 3078 2546 3142 facere
2575 3081 2701 3134 deos,

233 3177 279 3213 at
295 3179 392 3224 -per
421 3179 544 3215 eam,
574 3163 753 3222 quando
782 3164 830 3206 in
858 3170 1023 3207 terram
1054 3169 1306 3217 permanat,
1338 3163 1466 3205 deam
1496 3160 1747 3214 Tellurem,
1787 3161 1907 3216 quod
1937 3168 2086 3204 autem
2114 3161 2218 3204 inde
2247 3165 2479 3215 permanat
2507 3160 2553 3203 in
2582 3173 2705 3205 mare
