2940 3661
1362 106 1435 133 .—
1489 95 1540 148 -fg
1607 117 1696 159 ...ι

226 239 234 250 .
267 247 498 319 8,tionem
527 257 747 293 summam
774 257 868 290 ιιοιι
896 245 1043 291 solum
1072 227 1419 303 oblectationem
1447 237 1643 307 Qu,
1659 249 1745 296 „a
1760 248 2049 304 ..m
2059 248 2152 311 '‘⁵’‘
2203 296 2205 298 1
2472 209 2475 212 .
2507 227 2512 232 ,

267 322 547 372 der-ationem
574 337 740 369 munus
766 326 874 369 esse
896 319 1120 382 optimum
1148 332 1195 371 ot
1222 328 1467 384 proprium
1479 326 1770 391 phfloeqffio
1782 328 2089 391 pm
2099 319 2245 389 m
2279 329 2292 335 ι
2343 316 2359 325 -
2388 318 2396 325 .
2449 329 2466 342 Α,
2514 323 2521 334 ,
2547 320 2553 327 .

265 430 273 437 -
372 421 392 427 -
477 404 579 449 Jam
609 403 767 461 paucis
795 403 1034 449 dicendum
1073 405 1132 450 de
1168 402 1450 464 Xenophane
1488 404 1816 465 Colophonio,
1829 404 2092 459 Eleatioae
2076 401 2822 474 mm&

210 494 222 501 ’
269 490 361 543 quo
390 485 491 528 viro
520 483 656 527 etiam
686 482 803 540 ipso
822 484 1082 535 reconditas
1110 483 1284 541 litteras
1318 483 1466 530 fuisse
1502 493 1724 532 veter-mn
1733 488 1917 547 scripta·
1932 479 2223 535 dean-nu
2234 496 2302 535 ut
2310 496 2401 537 ἰ.
2394 474 2833 554 W

269 564 356 608 sibi
388 557 763 620 praetereundum
791 569 970 620 putaret
999 562 1173 616 Varro3
1211 564 1349 623 idque
1376 577 1479 610 eum
1507 552 1700 631 fecisse,
1726 562 1847 612 lonis
1874 549 2150 625 'qffiuuda-
2166 572 2441 621 morem
2435 564 2583 619 a&
2583 555 2748 632 m
2834 557 2840 560 “

267 643 600 709 comprobatur.
665 641 712 694 ln
752 642 919 711 quibus
956 650 1052 697 est,
1092 646 1213 703 quod
1252 658 1395 703 supra
1430 645 1712 700 monuimus,
1756 645 2009 694 Varronem
2043 650 2164 711 onii!
2170 634 2471 717 Xenophane
2467 641 2750 699 w

267 724 323 767 de
362 723 452 767 diis
490 722 762 779 scripsisse,
806 724 913 781 quid
945 731 1148 781 putaret,
1178 737 1271 769 ιιοιι
1309 725 1419 783 qaid
1457 726 1774 807 contenderet,
1818 740 1954 786 quam
1991 729 2259 775 anuntiant
2287 716 2629 788 Xenophane·
2611 719 2751 777 &it

265 802 480 848 versibus
509 802 610 846 his.
2796 803 2806 810 '

686 881 808 925 »Καὶ
836 881 891 926 τὸ
920 885 1005 937 μὲν
1033 877 1120 931 οὖν
1148 885 1292 941 σαφὲς
1322 879 1448 946 οὔτις
1477 880 1591 942 ἀνὴρ
1619 885 1717 929 ἴδεν
1724 917 1742 938 ,
1773 881 1882 931 οὐδέ
1903 901 1973 937 τις
1996 879 2132 930 ἔσται
2159 918 2166 928 .

681 960 832 1021 Εἰδοξς
861 956 980 1018 ἀμφὶ
1008 962 1137 1006 θεῶν
1164 976 1214 1005 τε
1243 966 1318 1006 καὶ
1348 960 1472 1007 ἅσσα
1501 964 1612 1018 λέγω
1640 968 1745 1022 περὶ
1782 961 1985 1010 πάντων

681 1039 745 1084 131
770 1038 853 1097 γὰρ
882 1044 958 1084 καὶ
985 1039 1047 1084 τὰ
1084 1037 1307 1097 μάλιστα,
1323 1039 1455 1096 τύχοι
1494 1044 1815 1100 τετελεσμένον
1852 1042 2022 1099 εἰπεὶν,

680 1114 831 1169 Αὗτός
860 1116 980 1176 ὅμως
1009 1115 1091 1163 οὐκ
1120 1119 1242 1172 οἶδε,
1282 1117 1411 1170 δάκος
1448 1117 1492 1164 d'
1526 1121 1603 1165 ἐπὶ
1641 1123 1762 1166 πᾶσι
1799 1124 2047 1171 τέτυκται..

262 1215 333 1258 ap.
349 1201 473 1249 Sext
486 1198 610 1257 Emp.
624 1198 729 1244 adv.
742 1198 852 1257 Log.
869 1213 910 1256 p
930 1198 1030 1244 380.
1048 1199 1107 1244 al.
1126 1200 1255 1244 Adde
1266 1199 1348 1245 Th.
1354 1201 1519 1259 Bergk.
1533 1199 1783 1259 deEmped
1797 1215 1839 1259 p
1855 1203 1920 1248 18.
1945 1187 2138 1257 Deinde,
2153 1211 2204 1249 ut
2218 1211 2388 1251 taceam
2404 1217 2585 1252 versum
2600 1207 2742 1256 hunc·

664 1277 794 1329 »Εἷς
822 1277 932 1329 θεὸς
961 1276 1012 1322 ἕν
1038 1294 1085 1322 τι
1115 1281 1266 1324 θεοῖσι
1295 1284 1370 1323 καὶ
1400 1275 1695 1339 ἀνθρώποισι
1723 1283 1957 1337 μέγιστος,

683 1353 756 1402 Ot‘e'
782 1372 828 1401 τι
857 1357 994 1415 δέμας
1023 1360 1264 1414 θνητοῖσιν
1293 1352 1473 1415 ὃμοΐος,
1506 1354 1647 1418 (opde
1675 1356 1905 1417 νόημαμ.

261 1442 394 1499 cujus
422 1438 580 1483 ultima
609 1437 750 1481 verba
780 1432 915 1481 »οὐδὲ
944 1434 1092 1494 νόημα
1116 1436 1149 1481 'a
1180 1437 1399 1482 Varronis
1428 1439 1652 1483 sententia
1680 1452 1870 1495 prorsus
1898 1439 2050 1485 aliena
2076 1449 2208 1494 sunt,
2245 1441 2453 1500 aliosque
2479 1444 2557 1501 qui
2585 1450 2742 1492 centn

263 1520 479 1566 creditam
510 1519 697 1563 deorum
727 1518 924 1573 speciem
955 1517 1194 1560 humanam
1226 1519 1462 1573 compositi
1493 1526 1627 1570 sunt,
1664 1527 1720 1562 ut
1743 1533 1860 1576 quae
1891 1519 2039 1564 Varro
2048 1544 2069 1573 ,ς
2105 1520 2258 1565 multis
2296 1522 2412 1566 locis
2441 1522 2612 1568 similia
2639 1538 2740 1581 pro·

260 1601 431 1650 fessus,
452 1612 509 1642 ex
537 1599 638 1654 ipsa
660 1598 914 1641 Stoicorum
946 1597 1153 1644 doctrina
1183 1597 1444 1653 depromere
1473 1599 1693 1655 potuerit:
1734 1599 1782 1641 in
1810 1599 1868 1641 iis
1897 1613 2015 1657 quae
2043 1599 2257 1659 leguntur
2283 1616 2355 1658 ap.
2380 1602 2569 1659 ‘August
2597 1603 2647 1646 G.
2680 1602 2739 1645 D.

260 1680 340 1734 Vl,
371 1680 413 1722 5.
446 1679 501 1722 cl.
533 1678 613 1731 lv,
644 1678 715 1721 27.
746 1683 791 1720 et
824 1675 1058 1718 Boethium
1089 1676 1146 1719 de
1176 1677 1263 1720 diis
1291 1684 1337 1721 et
1366 1691 1511 1734 praes.
1544 1693 1588 1734 p.
1618 1678 1727 1723 392:
1757 1677 1983 1722 »Primum
2015 1681 2183 1736 (genus
2210 1680 2483 1738 theologiae,
2511 1679 2740 1738 μυθικόν)

262 1761 381 1818 quod
414 1759 531 1812 dixi,
571 1759 619 1800 in
658 1770 713 1800 eo
754 1763 863 1799 sunt
902 1755 1044 1798 multa
1082 1763 1238 1799 contra
1278 1757 1540 1814 dignitatem
1579 1765 1624 1800 et
1651 1765 1858 1801 naturam
1889 1759 2206 1802 immortalium
2236 1760 2369 1804 ficta:
2406 1784 2455 1792 -
2489 1762 2536 1804 in
2565 1761 2651 1805 hoc
2680 1769 2741 1804 ιιι

261 1840 341 1883 dii
381 1838 562 1882 furati
604 1837 748 1887 sint,
796 1844 847 1879 ut
885 1835 1359 1880 adulteraverint
1395 1844 1447 1880 ut
1492 1838 1734 1881 servierint
1771 1837 1966 1889 homini3
2017 1820 2210 1896 denique
2246 1841 2295 1883 in
2333 1839 2419 1884 hoc
2456 1842 2608 1885 omnia
2651 1841 2749 1893 diis,

260 1914 580 1970 attribuuntur,
611 1929 728 1973 quae
758 1929 848 1959 non
879 1916 1012 1958 modo
1042 1916 1089 1957 in
1118 1916 1360 1968 hominem,
1388 1916 1470 1959 sed
1498 1917 1636 1960 etiam
1665 1917 1712 1960 in
1742 1918 2173 1974 contemptissimum
2202 1918 2425 1964 hominem
2456 1920 2616 1964 cadere
2636 1932 2738 1975 pos-

258 2004 411 2053 sun't,“
445 1997 628 2054 propius
660 1996 716 2039 ad
741 1995 1035 2051 Xenophanis
1064 1994 1203 2039 verba
1232 1996 1419 2048 accedit,
1442 2009 1559 2054 quae
1580 1996 1636 2040 de
1665 2010 1715 2039 re
1743 1997 1847 2039 inde
1866 2010 1894 2040 a
1915 1995 2193 2054 Xenophane
2211 1999 2343 2043 etiam
2365 2006 2467 2056 post
2489 1998 2739 2045 Varronem
2802 1986 2807 1989 ξ

259 2078 502 2123 multorum
514 2076 802 2121 sermonibus
815 2075 989 2132 prodita
1009 2082 1054 2118 et
1076 2074 1297 2119 celebrata
1309 2074 1518 2132 leguntur
1528 2076 1856 2133 ap.Sext.Emp.
1872 2076 2099 2133 p;593.c11.
2113 2077 2212 2122 280.
2226 2077 2356 2123 haec:
2377 2074 2578 2133 „11de
2596 2079 2737 2128 θεοῖς.

259 2154 493 2215 ἀνέθηκαν
522 2153 723 2213 ’Όμηρος
762 2148 809 2199 θ’
842 2148 1055 2204 ςΗσιόδός
1082 2168 1133 2198 τε
1151 2151 1307 2199 ’Όσσά
1336 2150 1439 2213 παρ’
1464 2150 1786 2213 ἀνθρώποισιν
1819 2151 2000 2200 ὀνείδεα
2028 2160 2103 2201 καὶ
2133 2152 2279 2216 ψόγος
2307 2155 2416 2202 ἔστί.
2447 2157 2738 2202 Klein-etv

258 2233 563 2295 μοιχεύειν
600 2250 651 2280 τε
690 2239 766 2279 καὶ
805 2228 1022 2291 ἀλλήλους
1054 2228 1360 2293 ,dnmffaw‘
1418 2235 1628 2293 Denique
1657 2235 1777 2293 quod
1809 2234 1956 2279 Varro
1986 2235 2228 2289 mundum,
2266 2236 2367 2281 sive
2402 2237 2559 2291 deum,
2590 2249 2739 2296 neque

260 2327 414 2363 natum
453 2331 556 2361 esse
586 2316 700 2360 dixit
728 2329 877 2372 neque
907 2314 1173 2359 moriturum
1205 2329 1333 2369 esse,
1375 2316 1421 2359 in
1458 2329 1546 2374 qua
1587 2314 1807 2360 Varronis
1836 2317 2057 2362 sententia
2088 2316 2302 2362 diluenda
2330 2317 2498 2363 multus
2532 2326 2604 2362 est
2631 2314 2737 2362 Ter·

257 2400 476 2444 tullianus
506 2397 564 2441 ad
594 2397 713 2440 Natt.
733 2395 789 2447 ll,
803 2395 844 2439 3.
864 2395 1007 2438 libros
1025 2396 1355 2453 Antiquitatum
1383 2396 1519 2440 divin.
1538 2397 1804 2452 respiciens,
1820 2409 2043 2453 quamque
2067 2410 2124 2439 ex
2149 2404 2303 2451 satura
2318 2397 2411 2450 „de
2431 2397 2623 2441 Salute“
2653 2396 2733 2459 (cf.

257 2480 373 2523 Non.
392 2484 537 2532 veget.
563 2476 680 2529 183.)
702 2475 1073 2530 Philargyriusin
1086 2475 1212 2532 virg,
1228 2474 1392 2530 Georg.
1409 2476 1462 2526 ll,
1481 2475 1580 2520 336.
1602 2476 1672 2519 sic
1690 2476 1859 2530 prodit:
1884 2477 2136 2527 „mundum
2153 2475 2275 2519 haud
2295 2484 2447 2519 natum
2468 2490 2571 2519 esse
2589 2489 2735 2533 neque

260 2559 426 2609 mori,“
442 2555 717 2599 simillimam
732 2553 876 2597 fuisse
893 2552 1188 2611 Xenophanis
1203 2555 1458 2610 opinionem
1475 2568 1503 2598 a
1520 2554 1737 2599 Cicerone
1752 2550 2170 2598 edocemursAcad.
2190 2554 2245 2606 ll,
2260 2554 2332 2608 37,
2357 2556 2446 2603 118.
2466 2557 2618 2600 verbis
2638 2557 2737 2599 his:

257 2636 597 2693 „Xenophanes
626 2634 780 2692 paullo
809 2634 942 2677 etiam
972 2635 1216 2694 antiquior,
1244 2649 1382 2678 unum
1421 2648 1527 2678 esse
1559 2636 1710 2678 omnia
1749 2637 1914 2692 (neque
1952 2636 1999 2677 id
2028 2648 2133 2678 esse
2162 2633 2428 2691 mutabile),
2463 2642 2509 2679 et
2537 2637 2591 2693 ,fd
2630 2649 2734 2679 esse

259 2719 422 2768 deum,
460 2729 605 2774 neque
634 2722 788 2758 natum
818 2728 1038 2771 unquam,
1078 2722 1123 2757 et
1152 2715 1498 2770 sempiternum,
1537 2714 1808 2772 conglobata
1837 2714 2036 2772 figura.“
2095 2713 2224 2763 Quae
2251 2715 2293 2758 si
2333 2714 2433 2758 sola
2461 2721 2733 2771 ponerentur

259 2799 512 2842 Varronem
543 2794 837 2852 Xenophanis
867 2807 1000 2836 usum
1030 2806 1134 2836 esse
1162 2793 1350 2844 litteris,
1391 2807 1470 2850 per
1508 2807 1560 2837 se
1589 2795 1667 2836 vix
1698 2795 1832 2838 fldem
1861 2795 2089 2844 facerent,
2125 2794 2206 2837 sed
2245 2806 2382 2851 quum
2419 2794 2549 2850 plura
2587 2806 2733 2851 eaque

258 2878 449 2923 certiora
478 2876 526 2919 in
557 2880 763 2931 promptu
792 2880 965 2925 essent,
994 2872 1127 2917 etiam
1159 2873 1271 2918 haec
1300 2874 1528 2918 ascribere
1559 2886 1692 2931 quam
1721 2874 1870 2918 celare
1897 2873 2153 2918 maluimus·

466 2958 507 3000 4.
536 3011 543 3018 ι
569 2954 661 2999 Sed
693 2967 809 3012 quae
839 2953 1074 3011 hucusque
1104 2953 1160 2997 de
1191 2952 1397 2999 Varrone
1426 2954 1696 2998 naturalium
1724 2962 1770 2998 et
1804 2952 2068 2999 coelestium
2106 2966 2256 3020 rerum
2294 2952 2605 2998 curiosissimo
2642 2952 2731 2996 dis-

259 3038 544 3095 putavimus,
574 3048 629 3079 ea
656 3034 937 3091 praemunita
967 3034 1100 3077 video
1135 3046 1238 3077 esse
1267 3034 1536 3090 explicando
1565 3034 1665 3079 loco
1690 3033 1952 3086 Ciceronis,
1982 3046 2140 3090 parum
2169 3046 2304 3090 quum
2335 3034 2391 3077 ab
2419 3033 2523 3077 aliis
2552 3040 2644 3076 tum
2673 3035 2729 3077 ab

260 3116 483 3167 oehlero,
521 3114 762 3159 intellecto.
825 3113 1035 3157 Omnium
1064 3113 1384 3169 gravissimum
1413 3114 1532 3157 enim
1560 3113 1864 3157 testimonium
1903 3127 1995 3157 non
2022 3112 2170 3157 solum
2209 3112 2266 3156 de
2303 3110 2610 3170 philosophia,
2649 3114 2731 3158 sed

256 3198 315 3241 de
355 3194 566 3239 omnibus
603 3192 699 3237 fere
737 3193 901 3237 litteris
943 3192 1164 3236 Varronis
1203 3191 1363 3237 Cicero
1404 3193 1588 3250 protulit
1617 3194 1663 3237 in
1695 3194 1834 3238 Acad.
1867 3194 1903 3246 l,
1932 3195 1972 3238 2.
2004 3194 2065 3247 8.,
2096 3192 2174 3238 ubi
2204 3191 2455 3237 Varronem
2484 3190 2630 3250 ipsum
2665 3194 2730 3237 di·
2798 3218 2805 3223 ·

256 3282 431 3321 centem
460 3272 571 3318 facit
599 3271 737 3317 haec:
778 3273 872 3327 „Et
898 3280 1047 3317 tamen
1075 3272 1124 3315 in
1151 3271 1245 3316 illis
1272 3273 1505 3345 veteribus
1533 3274 1731 3325 nostris,
1770 3286 1915 3330 quae,
1953 3273 2216 3330 Menippum
2252 3271 2437 3326 imitati,
2477 3286 2569 3317 non
2596 3274 2729 3316 inter-
