2940 3661
1268 104 1578 155 —13-

182 270 417 336 m
427 264 668 319 libi-om„
672 262 912 318 indicam,
917 267 969 306 ut
996 260 1128 320 etiam
1156 239 1206 304 in
1233 259 1531 304 veteribus
1560 260 1686 304 illis
1705 259 1960 318 Menippeis
1979 260 2086 307 fecit
2109 267 2217 317 apte
2236 261 2649 316 circumscribente,

112 337 140 343 ”
184 346 455 415 ψῃ..)
470 343 751 404 wibri-
778 329 1103 399 Logistoricis,
1130 339 1184 384 si
1201 345 1479 384 mortuorum
1506 338 1735 384 hominum
1763 342 1953 385 virtutes
1981 341 2027 384 in
2059 340 2129 384 his
2159 339 2286 384 libris
2315 350 2394 385 aut
2426 342 2651 395 omnibus,

94 417 132 475 j
180 430 364 488 Qm
387 439 441 488 φ
466 431 540 476 ..ς
563 420 724 481 quod
735 419 962 472 dubitem,
998 424 1079 467 aut
1105 417 1309 475 pluribus
1337 417 1547 463 laudatae
1575 417 1779 475 fuissent.
1840 419 1935 464 Nec
1973 420 2038 463 de
2069 419 2276 463 Oreste
2315 420 2380 464 illi
2410 422 2651 473 assentior,

173 500 487 568 ,Ἰωλῑωλμῴ
514 502 781 557 Orestes,
818 500 906 551 de
923 498 1155 546 insania
1182 498 1272 542 nisi
1300 511 1385 542 nos
1414 498 1472 543 de
1503 499 1852 556 Agamemnonis
1880 499 1997 553 filio,
2037 512 2068 543 a
2106 499 2263 544 matris
2292 498 2442 544 Furiis
2483 501 2650 558 agitato

187 587 389 646 (m
420 584 672 641 sumptam
694 579 856 626 fluviis
880 580 1014 637 Juxta
1042 577 1265 636 Rhegium
1294 585 1507 635 purgato,
1548 592 1661 637 quae
1690 587 1759 624 cst
1789 578 2025 626 Varronis,
2044 578 2489 629 sententiaruuman.
2520 579 2578 626 X.
2611 596 2652 638 p.

104 653 108 655 ’
186 653 543 723 &91ngOE
554 691 560 699 ,
564 662 720 721 jubet,
758 673 852 708 non
889 667 994 718 apte
1030 658 1313 716 excogitatus
1350 658 1526 702 videtur
1559 671 1674 702 esse.
1736 658 1827 703 Sed
1856 658 1969 703 haec
2007 666 2051 702 et
2080 659 2129 707 id.
2153 672 2302 715 genus
2331 659 2498 713 multa,
2533 674 2652 718 quae

189 744 408 799 scribenti,
429 743 488 789 de
513 742 587 791 his
605 742 743 787 rebus
770 740 895 789 ultro>
919 745 1176 791 occurrunt,
1206 751 1296 783 non
1326 745 1432 782 sunt
1450 737 1587 796 hujus
1617 739 1716 784 loci.
1775 739 1899 783 Satis
1918 739 2085 783 dictum
2107 739 2164 784 de
2183 738 2313 782 libris
2333 738 2651 796 Logistoricis,

188 826 234 870 in
261 824 426 881 quibus
455 834 592 880 quum
621 820 817 864 omnium
847 820 1035 877 partium
1065 825 1157 862 tum
1186 817 1425 867 naturalis,
1434 817 1743 877 philosophiae
1778 818 1903 862 locos
1932 819 2229 876 gravissimos
2260 827 2477 863 tractatos
2506 819 2652 864 fuisse

183 901 465 958 exploratum
499 906 597 954 est,
636 905 685 943 ut
721 911 807 943 suo
829 898 935 956 jure
962 897 1010 949 hi
1037 897 1138 941 libri
1167 883 1314 941 la'udis
1341 909 1370 941 a
1399 896 1616 941 Cicerone
1646 897 1837 941 Varroni
1877 896 2204 954 philosophiam
2243 898 2458 941 scribenti
2490 899 2650 955 imper-

184 965 293 1026 titae
311 978 516 1037 aliquam
544 978 631 1024 sibi
660 984 829 1035 partem
860 977 1090 1021 vindicare
1117 976 1368 1020 videantur.
1950 1019 1952 1021 ,

281 1054 282 1058 ’
385 1056 899 1114 Restant.prooemia
929 1053 1367 1113 Antiquitatum.
1426 1054 1668 1099 Exstitisse
1697 1062 1851 1105 autem¹
1874 1039 2107 1114 prooemia
2133 1057 2462 1113 Antiquitatum
2492 1082 2549 1090 —
2583 1056 2648 1100 fa-

185 1138 393 1187 ciendum
421 1137 538 1182 enim
567 1143 639 1189 est
666 1143 770 1193 post
797 1134 955 1180 horum
985 1135 1225 1184 verborum>
1252 1134 1656 1194 interpretationem
1687 1134 1743 1178 ab
1773 1132 1968 1182 Oehleto
1991 1134 2037 1181 ,1,
2068 1135 2108 1181 L>
2131 1148 2172 1191 p.
2206 1136 2275 1200 ⁷4⁴-
2306 1135 2557 1192 proditam,
2599 1144 2648 1179 ut

183 1220 332 1279 denuo
352 1216 463 1261 haec
482 1230 556 1260 res
576 1216 902 1261 demonstretur
928 1240 969 1247 —
986 1214 1270 1273 Augustinus
1289 1214 1420 1258 docet
1440 1213 1491 1258 C.
1513 1212 1569 1258 D.
1589 1213 1667 1265 iv,
1687 1212 1729 1258 3.
1751 1214 1924 1265 dicens,
1944 1199 2151 1271 utrisque
2168 1214 2497 1272 Antiquitatum
2517 1215 2647 1260 libris

189 1296 432 1345 Varronem
464 1294 696 1353 »singulos
722 1294 862 1356 libros
890 1294 1193 1351 praemisisse,
1222 1293 1300 1351 qui
1329 1294 1618 1339 communiter
1645 1292 1858 1351 prius-de
1887 1293 2095 1337 omnibus
2120 1293 2455 1352 loquerentur-3
2507 1297 2648 1353 Atqui

153 1377 230 1422 ·in
258 1376 486 1434 prooemio
508 1371 773 1420 Divinarum
799 1386 875 1418 res
903 1371 1237 1429 philosophicas
1264 1370 1422 1427 fuisse,
1452 1373 1735 1432 easdemque
1752 1385 1809 1416 ex
1839 1372 1993 1416 intima
2023 1372 2307 1430 philosophia
2336 1374 2521 1431 petitas,
2550 1388 2645 1417 cer·

181 1448 369 1499 tissimis
396 1455 661 1498 testimoniis
691 1461 963 1509 compertum
992 1461 1074 1496 est.
1130 1452 1348 1496 Nolumus
1369 1453 1468 1510 jam
1497 1459 1727 1514 repetere,
1767 1464 1887 1509 quae
1913 1453 2059 1525 doctis
2089 1461 2133 1498 et
2154 1451 2349 1498 Varroni
2380 1450 2649 1510 perittilibus

183 1535 305 1586 curis
322 1533 537 1589 Merkelii
568 1532 818 1589 Prolegom.
850 1531 982 1574 ovid.
1013 1530 1134 1575 Fast..
1164 1546 1208 1586 p.
1242 1530 1325 1574 106
1354 1543 1422 1587 sq.
1453 1528 1677 1587 explicata
1707 1538 1838 1590 sunt,
1876 1545 1932 1593 ea
1969 1524 2140 1598 tantum
2175 1533 2331 1588 parcis
2359 1532 2522 1576 litteris
2553 1546 2650 1588 per-

183 1617 447 1669 sequenteS,
489 1623 603 1669 quae
631 1609 906 1662 Merkelius',
935 1623 1015 1666 pro
1045 1608 1221 1654 consilii
1249 1609 1323 1653 sui
1351 1608 1550 1660 ratione,
1588 1616 1667 1654 aut
1697 1609 1848 1656 omisit
1871 1617 1961 1659 aut
1984 1591 2182 1654 brevius
2177 1611 2359 1669 attigit.
2420 1611 2651 1655 Disseruit

184 1698 331 1733 autem
368 1690 514 1731 Varro
551 1689 639 1745 hoc
675 1689 790 1731 libro
830 1689 885 1730 de
924 1688 1068 1730 tribus
1104 1687 1196 1730 illis
1224 1687 1476 1744 theologiae
1504 1689 1770 1743 generibus,
1810 1681 2037 1740 naturali,
2073 1690 2306 1744 fabuloso,
2346 1691 2482 1735 civili.
2544 1691 2648 1735 vid.

181 1772 371 1824 August.
415 1767 464 1811 C.
506 1766 563 1810 D.
601 1766 677 1810 lib.
720 1765 795 1809 Vl.
838 1765 1024 1810 Tertull.
1065 1766 1123 1809 ad
1161 1766 1280 1810 Natt.
1316 1765 1392 1811 lib.
1423 1766 1475 1809 11.
1535 1766 1755 1810 Boethius
1795 1767 1851 1810 de
1890 1767 1976 1810 diis
2015 1775 2061 1811 et
2098 1768 2322 1824 praesens.
2363 1784 2404 1826 p.
2430 1770 2530 1815 392.
2592 1771 2647 1815 cf.

176 1847 459 1890 Schoemann
489 1846 545 1889 de
573 1846 661 1888 diis
690 1844 900 1887 Manibus
930 1852 1014 1889 cet.
1046 1859 1087 1900 p.
1117 1847 1159 1889 4.
1192 1845 1425 1889 Francken
1463 1845 1751 1902 Fragmenta·
1772 1845 1901 1890 Varr.
1940 1855 2023 1892 cet.
2064 1847 2297 1905 (Lugduni
2320 1874 2336 1882 -
2357 1849 2458 1894 ssat.
2493 1850 2645 1906 1837.)

171 1941 212 1980 p.
242 1926 312 1969 40.
345 1932 392 1967 et
419 1936 535 1980 quos
561 1923 647 1978 ipsi
677 1923 972 1966 excitavimus
1004 1923 1248 1966 Comment.
1281 1923 1338 1966 de
1368 1923 1499 1967 Varr.
1532 1939 1571 1979 p.
1603 1926 1645 1968 4.
1693 1924 1747 1967 cf.
1780 1925 1913 1968 etiam
1943 1925 2144 1969 Lactant.
2179 1928 2234 1970 de
2272 1927 2354 1970 lra.
2387 1943 2426 1971 c.
2461 1930 2527 1972 ll.
2569 1930 2645 1973 fin.

178 2005 237 2047 Et
264 2017 400 2060 quum
430 2003 486 2045 de
524 2001 715 2045 naturali
754 2000 996 2057 theologia,
1036 2004 1168 2059 cujus
1207 2015 1426 2046 summam
1465 2003 1645 2047 brevem
1686 2003 1969 2059 Augustinus
2000 2004 2050 2049 C.
2082 2004 2140 2048 D.
2175 2005 2276 2059 Vll,
2305 2006 2347 2052 6.
2382 2009 2559 2064 posuit,
2599 2010 2645 2053 in

181 2076 324 2138 primo
354 2082 477 2124 libro.
498 2102 522 2122 η
533 2081 885 2137 paucissima
917 2080 1308 2138 praeloquereturoe
1342 2083 1533 2138 August.
1562 2082 1613 2126 C.
1636 2081 1692 2126 D.
1718 2081 1814 2136 Vll,
1835 2083 1879 2137 5,
1912 2083 1968 2128 de
1996 2084 2133 2129 animi
2164 2085 2494 2131 immortalitate
2524 2087 2644 2144 ple-

182 2162 422 2207 nissime
451 2159 676 2210 tractavit,
706 2145 868 2203 Servio
899 2167 1030 2211 teste,
1060 2160 1192 2217 cujus
1221 2161 1360 2205 verba
1390 2161 1502 2206 Aen.
1535 2160 1611 2214 Vl,
1644 2161 1739 2205 703.
1773 2160 1885 2206 haec
1913 2170 2041 2207 sumt
2082 2183 2173 2222 n÷
2202 2165 2249 2207 in
2278 2178 2366 2222 quo
2398 2173 2557 2210 tractat
2589 2168 2645 2211 de

182 2241 386 2285 Platonis
424 2241 657 2296 dogmate,
694 2239 815 2296 quod
853 2240 899 2282 in
940 2225 1180 2283 Phaedone
1217 2240 1411 2296 positum
1449 2247 1520 2285 est
1558 2245 1660 2297 περὶ
1691 2241 1837 2299 ψυχῆς
1877 2266 1928 2274 -
1958 2241 2020 2285 de
2050 2255 2140 2298 qua
2167 2255 2217 2286 re
2245 2243 2377 2288 etiam
2409 2244 2559 2291 Varro
2599 2248 2648 2292 in
2696 2240 2700 2245 ’

181 2322 324 2376 primo
355 2318 619 2362 Divinarum
649 2317 908 2374 plenissime
947 2318 1167 2364 tractavit.
1229 2318 1326 2363 Hoc
1354 2326 1502 2363 autem
1532 2320 1729 2363 continet
1760 2343 1807 2352 —
1825 2334 1849 2356 κ
1910 2319 1958 2363 ln
1998 2321 2162 2377 quibus
2200 2335 2292 2367 non
2322 2323 2513 2369 debebat
2541 2325 2645 2372 hae·

181 2413 281 2443 rere
309 2396 559 2442 Merkelius
588 2396 617 2441 1.
648 2396 677 2441 l.
709 2386 751 2453 p.
785 2397 878 2441 112.
910 2396 1171 2453 praesertim
1199 2408 1348 2454 squum
1389 2410 1479 2454 quo
1509 2398 1790 2455 cognationis
1821 2398 2001 2444 vinculo
2032 2399 2145 2445 haec
2174 2403 2383 2460 quaestio
2414 2418 2515 2448 cum
2545 2408 2646 2463 ipsa

181 2476 374 2521 naturali
405 2475 627 2530 theologia
655 2475 897 2532 conjuncta
925 2474 1058 2519 suerit
1086 2476 1185 2531 ipse
1214 2474 1497 2533 Augustinus
1526 2476 1571 2520 ll.
1602 2476 1647 2520 ll.
1679 2478 1958 2534 apertissime
1997 2479 2170 2524 doceat.
2205 2481 2368 2532 .Quod
2408 2492 2555 2528 autem
2597 2488 2642 2529 in

179 2555 399 2611 principio
436 2561 619 2596 nostrae
658 2554 974 2608 disputationis
1012 2555 1272 2608 posuimus,
1313 2553 1621 2599 varronianae
1659 2555 1969 2614 philosophiae
2008 2559 2247 2604 consilium
2286 2566 2422 2618 atque
2448 2564 2641 2609 indolem

180 2648 278 2678 eam
317 2633 487 2683 fuisse,
530 2640 580 2675 ut
618 2632 763 2676 Varro
807 2633 1104 2689 undecunque
1137 2633 1358 2677 *admissis
1381 2632 1671 2679 vnaturalium
1714 2647 1862 2680 rerum
1906 2634 2354 2694 interpretationibus
2398 2643 2641 2688 reconditis

180 2713 378 2758 Stoicam
417 2711 746 2768 philosophiam
784 2711 1100 2768 amplificaret,
1138 2712 1239 2769 ejus
1271 2698 1344 2755 'rei
1380 2711 1616 2758 manifesto
1646 2728 1763 2771 quae
1800 2729 1829 2759 a
1866 2714 2075 2762 Varrone
2114 2718 2170 2763 de
2209 2719 2344 2764 animi
2383 2720 2638 2767 immortali·

181 2801 273 2853 tate
311 2792 514 2835 instituta
546 2798 621 2834 est
658 2792 863 2849 quaestio
903 2782 1167 2834 documento
1206 2799 1287 2837 est.
1347 2792 1460 2835 Nam
1499 2806 1634 2849 quum
1671 2794 1716 2837 in
1754 2793 1840 2839 hac
1878 2809 2019 2840 causa
2056 2797 2200 2842 Stoici
2239 2798 2329 2854 ipsi
2368 2813 2520 2857 parum
2552 2802 2638 2846 sibi

180 2879 436 2918 constarent
462 2872 574 2927 (vid.
606 2870 789 2929 Lipsius
818 2870 1019 2928 Physiol.
1051 2871 1117 2915 St.
1152 2871 1225 2923 lli,
1257 2873 1348 2935 11.)
1379 2872 1547 2926 Varro,
1579 2874 1735 2930 patriis
1764 2875 1914 2920 sacris
1938 2877 2159 2931 imbufus‚
2194 2876 2392 2923 Platonis
2431 2880 2640 2931 (Servius

177 2952 209 2997 l.
239 2951 267 2996 1.
298 2963 341 2994 v.
373 2951 471 2997 733.
500 2951 871 3010 coll.=Augusti}1.
904 2951 955 2995 O.
985 2950 1040 2994 D.
1074 2950 1169 3004 Vll,
1200 2951 1310 3007 28),
1340 2952 1642 3009 Empedoclis,
1673 2955 1887 3010 (Servius
1916 2956 1944 3000 1.
1976 2956 2005 3000 1.
2035 2972 2079 2999 v.
2103 2959 2199 3001 714.
2236 2959 2290 3000 de
2320 2973 2407 3015 quo
2438 2960 2540 3004 loco
2571 2964 2637 3005 vi-

180 3031 354 3085 dendus
384 3029 465 3075 Th.
498 3030 720 3088 Bergkius
749 3031 797 3074 in
828 3029 1167 3074 Zimmermanni
1207 3032 1326 3096 Ann.
1364 3031 1504 3076 schol.
1546 3034 1683 3088 1837,
1723 3034 1776 3077 N.
1809 3036 2022 3080 55,·coll.
2053 3036 2181 3079 Serv.
2216 3036 2380 3093 Georg.
2412 3039 2445 3092 1,
2474 3039 2548 3085 34.
2584 3043 2639 3086 de

181 3122 271 3166 quo
309 3108 411 3154 loco
449 3109 745 3154 scientissime
782 3116 832 3153 ut
867 3109 982 3154 solet
1019 3109 1135 3154 idem
1171 3109 1399 3169 Bergkius
1437 3120 1763 3157 commentatus
1802 3122 1871 3158 est
1910 3116 1964 3157 de
1993 3115 2175 3170 Emped.
2217 3129 2258 3170 p.
2287 3116 2410 3172 32),
2452 3119 2636 3164 aliorum

180 3187 428 3239 doctrinam
465 3188 597 3247 quasi
635 3188 857 3246 quandam
900 3189 1205 3235 accessionem
1249 3189 1307 3236 ad
1350 3189 1606 3240 Stoicorum
1650 3193 1811 3250 placita
1854 3193 2069 3251 adjunxit.
2144 3193 2283 3253 idque
2325 3195 2492 3243 fecisse
2537 3212 2635 3244 eum
