2940 3661
2424 0 2443 8 ’”
2454 5 2462 12 ·
2476 3 2483 23 ;”
2493 1 2544 25 *517
2560 0 2939 32 ·’·’ἵδῗᾞὶν,’ἶ4·”Ἱέ>ιῖὶῖᾆῑὲ““

2319 28 2332 40 ἰ
2543 28 2551 35 ·
2569 35 2571 37 -
2658 25 2706 56 ’ςῆ
2736 27 2790 41 ’·«
2829 28 2930 64 ·;;..’-Γρ.’,’

1309 61 1621 110 ...ι-.-

213 212 318 260 licet
348 212 602 275 Varronem
627 226 696 259 se
710 186 1047 260 Academicum
1043 158 1284 274 geniem
1296 223 1343 261 et
1378 212 1723 275 Pu‘tipatetiunn·
1745 221 1804 262 st
1828 214 2068 275 Bm}
2078 166 2259 273 ffl
2261 203 2711 279 mem

115 333 119 339 .
210 306 389 350 goram,
419 292 712 345 amotam,
739 292 1085 351 Εωρωοὼμ,
1093 289 1452 353 sunago-m,
1465 293 1814 354 xenoni-mm,
1846 294 1979 345 etsi
1969 294 2081 356 qui
2096 302 2211 352 om
2221 280 2530 351 dum«
2541 286 2773 355 mm

211 372 488 418 naturalium
518 373 831 429 indagatoresg
859 372 1055 418 eundem
1072 373 1375 432 perdidicisee
1395 374 1479 434 jus
1498 373 1780 433 pontificiam
1805 380 1856 420 'et
1874 370 2153 430 velifico-a
2166 375 2325 423 libros
2329 375 2708 438 φακὴ-’ΠΜ
2763 403 2766 412 ·

211 452 361 497 eidem
390 453 521 497 tritas
546 450 691 497 fuisse
719 450 959 497 Euhemeri
969 451 1380 525 interpretationes
1404 452 1644 512 fflsslflb
1670 439 1886 513 denique
1898 440 2163 512 em
2176 451 2290 506 αὕη
2298 444 2448 503 haud
2437 462 2631 515 1³⁸⁶!-
2616 449 2713 506 Q.

213 532 397 576 arcanis
424 528 732 577 nefandarum
750 530 1019 590 religionum
1040 529 1221 593 litteris.
1250 529 1414 583 Quatn'
1432 532 1702 581 uberrimam
1722 533 2051 585 autentici-mn
2072 533 2203 580 inter
2207 543 2261 579 σα
2272 527 2704 591 diversisdudflw
2768 532 2771 535 ’

211 612 388 668 copiam
425 610 482 656 si
507 610 772 657 Varronem
797 610 847 656 in
872 611 1132 669 quandam
1141 612 1284 671 quusi
1322 620 1527 658 saturam
1563 612 1853 670 congestim
1873 608 2128 668 audimus,
2146 613 2245 659 uisi
2264 610 2693 675 quw-mnus&

210 689 393 735 vinculo
423 689 631 748 singulae
659 691 1179 748 quaequeemiaseens
1206 689 2187 748 adcitaessententiae³eumipsoevarronis
2206 689 2705 755 mopiam
2751 700 2758 708 '

207 768 377 815 fuerint
431 769 818 827 perspexerimus,
863 770 1009 827 ipsam
1048 768 1274 816 Varronis
1318 770 1645 829 philosophiam
1689 772 1966 829 ingeniique
1999 773 2197 838 indolem
2237 769 2435 829 *prorsus
2480 775 2692 832 ignorare

118 887 127 893 ,
209 849 424 896 censendi
452 848 637 896 erimus.
705 847 756 895 ln
793 863 850 895 eo
889 849 1028 907 igitur
1064 857 1137 896 est
1183 851 1306 908 quod
1343 850 1625 906 elaboretur,
1665 861 1734 903 ut,
1769 852 1988 908 quaevis
2016 854 2202 920 propria
2234 852 2372 898 suerit
2398 855 2456 897 iu
2486 855 2693 899 Van-one

209 928 476 987 philosopho
514 937 913 986 quaeque-natura
951 930 1123 988 ingenii
1152 945 1292 988 quum
1323 930 1706 991 intellexerimus,
1738 946 1808 975 ex·
1824 929 1912 975 hae
1940 938 2066 976 certa
2098 929 2368 995 quasi‘nota
2396 947 2459 977 ac·
2479 932 2690 990 formula,

209 1022 327 1067 quae
357 1008 674 1054 Varronisint
700 1009 1026 1067 congruentia,
1062 1024 1182 1069 quae
1219 1024 1309 1054 uon
1348 1012 1458 1063 sint,
1485 1011 1821 1068 dignoscamus.
1880 1010 2251 1070 Hucpiurimum
2282 1010 2418 1064 facit,
2457 1021 2529 1066 ut,
2567 1006 2692 1072 qaod

207 1089 433 1142 diximus,
468 1088 719 1134 Varronem
746 1091 795 1146 in
822 1090 1089 1141 disserendo
1116 1099 1163 1135 et
1191 1092 1239 1134 in
1268 1091 1462 1153 naturali
1492 1091 1805 1148 philosophiae
1834 1095 1961 1148 pa‘rte
1991 1092 2273 1148 potissimum
2302 1092 2569 1141 Stoicorum
2594 1092 2690 1150 pia-

208 1170 298 1214 cita
341 1170 560 1225 probasse
603 1169 893 1226 intelligatur.
956 1169 1077 1215 Nam
1123 1171 1171 1214 in
1217 1185 1310 1227 quo
1356 1171 1506 1213 omnis
1550 1171 1807 1213 Stoicorum
1854 1170 2143 1229 philosophia
2187 1172 2336 1229 posita
2382 1178 2482 1214 erat
2512 1171 2708 1216 {unda-5

209 1257 388 1300 mento,
426 1256 476 1292 ut
514 1249 746 1300 homines,
780 1252 913 1307 quasi
942 1259 1225 1307 spectatores
1253 1264 1520 1308 superarum
1549 1264 1699 1293 rerum
1726 1259 1864 1307 atque
1892 1251 2184 1303 coelestium,
2224 1258 2351 1303 ortos
2379 1258 2587 1309 putarent
2629 1253 2689 1295 ad

207 1330 422 1371 mundum
462 1329 854 1384 contemplandum
892 1338 937 1372 et
976 1330 1265 1382 imitandum,
1307 1331 1366 1372 ad
1403 1343 1502 1372 eam
1541 1342 1744 1372 normam
1785 1330 1934 1397 Yarro
1970 1331 2018 1372 in
2062 1331 2322 1387 quaerendo
2360 1337 2406 1373 et
2447 1331 2494 1374 in
2543 1331 2687 1375 disse·

204 1410 346 1452 rendo
388 1411 450 1451 ita
489 1422 540 1451 se
577 1416 722 1452 totum
762 1410 1037 1466 composuit,
1088 1419 1140 1455 ut
1177 1423 1268 1454 non
1307 1410 1454 1453 solum
1493 1409 1662 1452 Stoicis
1702 1409 1967 1453 auctoribus
2022 1421 2172 1453 rerum
2218 1410 2420 1454 rationes
2454 1409 2688 1455 ‘naturales

208 1495 486 1532 scrutaretur
515 1475 858 1545 diligentissime
888 1497 950 1541 et,
979 1502 1103 1534 more
1123 1489 1382 1533 Stoicorum
1410 1489 1822 1551 ubiquessquaerens
1850 1488 1948 1546 qui,
1966 1488 2093 1547 quid,
2124 1488 2219 1541 ubi,
2249 1489 2430 1546 quando
2458 1487 2688 1543 fecissent,
2723 1494 2727 1497 '

205 1568 368 1611 litteris
406 1568 652 1622 mandaret,
692 1568 776 1611 sed
814 1568 1008 1622 finibus,
1048 1568 1216 1626 quibus
1254 1568 1511 1613 Stoicorum
1551 1567 1757 1626 plerique
1794 1567 2044 1613 doctrinam
2078 1580 2208 1612 suam
2246 1567 2690 1621 circumscribebant,

203 1648 324 1692 haud
360 1661 465 1692 raro
494 1654 597 1705 post
624 1660 677 1693 se
706 1647 898 1700 relictis,
930 1649 1161 1694 „semitam
1190 1649 1427 1705 ingressus
1456 1648 1606 1692 minus
1635 1648 1834 1700 tritam,oe
1865 1648 1923 1692 ad
1954 1646 2204 1707 occultiora
2231 1648 2429 1692 omnium
2458 1662 2607 1693 rerum
2644 1657 2689 1692 et

204 1727 499 1772 humanarum
537 1734 583 1771 et
621 1726 875 1771 divinarum
914 1728 1041 1772 initia
1074 1735 1310 1785 penetrare
1348 1728 1448 1784 ipse
1485 1728 1769 1785 quaerendo,
1800 1727 2050 1775 scribendo
2089 1727 2206 1772 alios
2244 1728 2403 1771 eodem
2441 1729 2690 1785 perducere

208 1808 423 1851 studeret.
495 1806 670 1851 Laxum
700 1809 893 1863 spatium
933 1822 1011 1852 res
1050 1822 1211 1863 magna
1251 1808 1490 1853 desiderat.
1579 1807 1698 1851 Hinc
1737 1807 1959 1850 Varronis
2007 1808 2226 1850 immensa
2264 1808 2423 1861 lectio,
2472 1808 2690 1852 librorum

206 1886 549 1930 innumerabilis
587 1887 842 1930 multitudo.
914 1887 1036 1931 Sane
1075 1887 1212 1944 igitur
1251 1895 1347 1930 erat
1385 1896 1491 1938 cur,
1532 1886 1790 1929 Stoicorum
1829 1888 2036 1929 doctrina
2082 1888 2262 1942 penitus
2302 1895 2512 1944 percepta
2553 1896 2689 1945 atque

206 1973 301 2008 tota
332 1966 376 2007 in
412 1979 544 2008 usum
573 1979 706 2008 suum
737 1979 975 2021 conversa,
1006 1974 1190 2010 vacaret
1211 1966 1510 2026 Pythagorae,
1536 1965 1776 2020 Heraclito,
1799 1965 2077 2023 Empedocli,
2098 1964 2379 2023 Epicharmo,
2402 1965 2686 2024 Xenophani‚

206 2053 304 2088 erat
342 2059 424 2088 cur
459 2046 507 2088 in
543 2044 747 2094 Platonis
783 2053 829 2088 et
857 2045 1130 2106 ⁴Aristotelis
1168 2045 1299 2088 libris
1337 2044 1629 2089 addiscendis
1667 2052 1791 2089 esset
1827 2045 2067 2098 assiduuS,
2108 2044 2302 2103 denique
2334 2052 2436 2090 erat
2473 2059 2555 2090 cur
2593 2059 2689 2103 my·

207 2126 346 2169 steria
376 2133 471 2168 tum
501 2124 781 2168 Graecorum
810 2132 905 2168 tum
935 2125 1228 2169 barbararum
1259 2125 1462 2181 gentium
1492 2124 1649 2169 adiret.
1708 2123 1865 2181 Neque
1893 2130 2043 2168 tamen
2073 2123 2140 2178 id,
2179 2136 2297 2181 quae
2324 2122 2410 2169 fuit
2438 2137 2582 2181 prava
2609 2124 2688 2169 ho-

204 2206 372 2248 minum
400 2205 683 2261 quorundam
718 2188 966 2257 sententia,
1004 2217 1122 2261 quo,
1153 2217 1265 2247 casu
1302 2204 1468 2261 quovis
1505 2203 1594 2247 buc
1630 2202 1740 2247 illuc
1777 2209 1955 2259 raptuS,
1992 2202 2056 2247 nil
2093 2201 2319 2261 seligens,
2356 2202 2419 2247 nil
2459 2204 2685 2262 rejiciens,

206 2285 358 2328 omnia
385 2284 586 2341 undique
624 2283 671 2326 in
698 2282 934 2327 fortuitum
973 2296 1196 2340 quemque
1235 2295 1369 2326 usum
1408 2280 1655 2334 conflaret,
1692 2280 1859 2328 secisse
1880 2282 2160 2341 judicandus
2195 2290 2289 2337 est,
2330 2284 2419 2327 sed·
2449 2284 2495 2327 id
2532 2283 2689 2349 habuit

206 2363 404 2418 consilii,
435 2369 501 2418 ut,
532 2376 668 2421 quum
700 2376 817 2422 quae
846 2364 945 2408 suis
974 2363 1228 2407 rationibus
1257 2363 1681 2408 accomodatissima
1719 2369 1875 2407 essent
1914 2361 2178 2423 studiorum,
2206 2359 2528 2420 profundorum
2557 2376 2688 2421 prae·

202 2446 320 2488 sidia
349 2455 557 2502 quaeque
585 2443 673 2486 sibi
703 2449 1041 2501 comparasset,
1077 2442 1457 2500 sapientissimam
1487 2447 1532 2488 et
1560 2440 1913 2487 sanctissimam.
1932 2440 2190 2488 Stoicorum
2230 2439 2513 2497 disciplinam
2556 2442 2689 2489 novis

177 2523 492 2570 *incrementis
529 2528 718 2580 augeret
755 2527 894 2580 atque
928 2520 1240 2579 amplificaret.
1307 2520 1364 2566 Et
1406 2520 1519 2568 haec
1557 2520 1737 2579 quidem
1775 2527 1847 2566 est
1884 2518 1961 2566 iila
2000 2519 2221 2565 Varronis
2264 2520 2512 2577 sapientia,
2553 2536 2689 2579 quam

202 2603 416 2647 virtutem
444 2603 588 2660 ipsam
617 2614 739 2655 esse,
769 2613 1038 2658 persuasum
1067 2599 1272 2646 babebat.
1322 2600 1696 2646 Academicorum
1726 2599 1864 2656 igitur
1882 2613 1999 2657 quae
2028 2607 2158 2644 erant
2186 2600 2243 2644 de
2271 2598 2440 2644 finibus
2470 2600 2690 2647 bonorum

200 2689 245 2729 et
265 2667 484 2726 malorum
504 2681 673 2738 placita
692 2680 888 2724 Varroni
917 2680 1053 2725 valde
1081 2680 1326 2736 placuisse,
1348 2679 1647 2736 displicuisse
1658 2674 1984 2735 ἀκαταληψίαν
2001 2692 2092 2721 non
2112 2685 2184 2722 est
2207 2680 2328 2734 quod
2348 2679 2572 2723 miremur.
2631 2678 2691 2725 Et

199 2761 379 2807 tametsi
408 2767 480 2805 est
507 2760 585 2804 ubi
616 2759 870 2806 dubitanter
909 2760 1056 2817 prodit
1092 2760 1203 2818 quid
1235 2760 1290 2802 de
1329 2759 1435 2802 diis*
1454 2759 1648 2816 aliisque
1676 2758 1812 2801 rebus
1841 2743 2236 2811 divinis⁸sentiat,
2276 2758 2417 2801 veluti
2447 2772 2586 2814 quum
2614 2771 2687 2817 ap.

199 2842 395 2897 August.
430 2855 469 2884 c.
503 2839 547 2882 d.
578 2839 681 2890 Vll,
707 2841 770 2883 17.
803 2855 845 2896 p.
874 2840 974 2884 220.
999 2840 1098 2895 Rip.
1128 2840 1215 2882 ait:
1247 2852 1410 2895 »quum
1439 2839 1486 2880 in
1515 2836 1603 2882 hoc
1630 2837 1785 2882 libello
1814 2838 1979 2880 dubias
2006 2838 2065 2880 de
2093 2837 2181 2880 diis
2210 2838 2449 2892 opiniones
2475 2850 2701 2893 posuero,

199 2919 466 2975 reprehendi
496 2906 587 2963 non
619 2919 786 2971 debeo,
827 2920 905 2975 qui
944 2920 1063 2962 enim
1100 2919 1276 2975 putabit
1307 2918 1508 2975 judicari
1548 2924 1761 2975 oportere
1797 2924 1844 2961 et
1881 2929 2022 2973 posse
2059 2916 2150 2971 (al.
2189 2930 2278 2959 om.
2317 2923 2385 2959 et.
2423 2916 2531 2961 hinc
2567 2925 2690 2962 recte

199 2998 401 3044 Scheffer
420 2998 610 3045 Miscell.
627 2999 741 3042 Obs.
762 2997 813 3041 Τ.
833 2997 947 3041 Vlll.
966 3012 1006 3054 p.
1030 2998 1139 3043 44⁷2
1168 2998 1407 3057 dijudicari
1437 3003 1664 3054 oportere,
1685 3003 1805 3056 post,
1825 2998 1987 3054 quum)
2007 3009 2144 3054 quum
2164 2996 2372 3047 audierit,
2391 2990 2525 3042 faciet
2543 2998 2687 3054 ipse«,
2717 3042 2719 3045 ,

195 3082 348 3123 tamen
376 3080 636 3138 neutiquam
672 3092 777 3124 eum
806 3078 1184 3125 Academicorum
1221 3078 1336 3122 illud
1372 3085 1658 3135 praeceptum
1697 3077 1761 3121 ita
1796 3077 2044 3135 probasse,
2081 3084 2156 3129 ut,
2193 3089 2251 3120 ne
2288 3076 2466 3121 ratione
2504 3076 2686 3134 quidem

194 3166 274 3203 aut
303 3159 566 3216 conjectura
594 3159 841 3217 quidquam
871 3157 1188 3216 comprehendi
1228 3170 1364 3218 posse
1401 3164 1556 3213 ratus,
1584 3157 1705 3202 intra
1740 3157 1956 3215 opinandi
1983 3155 2109 3201 illam
2147 3155 2502 3214 probabilitatem
2543 3162 2686 3203 totum

195 3252 250 3284 se
277 3239 546 3293 contineret,
577 3240 793 3298 quidquid
821 3246 1031 3298 superest
1050 3238 1384 3298 Antiquitatum
1413 3250 1563 3286 rerum
1592 3236 1849 3284 divinarum
1868 3234 2107 3285 manifesto
2137 3235 2350 3283 declarat.
2395 3234 2465 3283 Ac
2493 3248 2551 3283 ne
2578 3236 2688 3295 quis
