2940 3661
1344 104 1652 157 ...o-.-

252 259 1502 351 ,mffiqnadmvhilarltateeonspersimnsrmulta
1529 258 1729 308 admixta
1757 269 1823 300 ex
1860 255 2062 300 intima
2100 251 2578 312 philosophiarmulta
2608 251 2727 295 dicta

239 324 514 402 ’,Μ’
520 356 661 404 qna·
668 355 760 400 qno
779 339 960 389 facilius
977 340 1129 388 nunus
1155 340 1279 385 docti
1302 338 1625 400 intelligerent,
1638 338 1922 395 jucunditate
1952 336 2143 393 quadam
2175 334 2234 377 ad
2264 331 2504 391 legendum
2534 331 2723 383 invitati,

254 440 320 478 tn..
316 423 681 478 hamam,
709 420 758 477 in
777 419 860 467 his
888 420 1027 479 ipsis.
1019 419 1348 477 antiquitatum
1376 419 1646 475 prooemiis,
1675 416 1984 474 philosophice
2012 415 2211 460 scribere
2240 411 2494 460 voluimus3
2525 409 2563 451 si
2595 409 2725 451 modo

253 504 504 561 m
510 508 754 547 snmus-⁸
749 537 751 539 .
781 500 868 547 Ad
875 508 1002 557 qnae
1032 499 1205 546 Gieoro
1219 498 1487 556 responden
1527 498 1674 542 sSunt
1701 497 1814 548 ista,
1846 495 2004 540 Varro.
2071 494 2185 538 Nam
2216 506 2302 536 nos
2341 492 2390 536 in
2428 495 2586 533 nostra
2614 488 2726 531 urbe

199 602 205 603 ’
257 575 666 644 mntes—
689 581 759 627 tui
774 580 880 627 libri
906 579 1040 639 qnasi
1067 579 1252 624 domum
1280 578 1574 625 deduxerunt.
1593 602 1644 610 —
1663 601 1720 609 —
1748 576 1817 620 Tu
1847 576 2045 620 omnium
2066 573 2319 618 divinarum
2340 570 2727 625 humanarumque

253 669 405 716 'nun'
431 662 637 715 nomina,
649 673 843 720 genera,
870 658 1041 713 officia,
1069 671 1282 705 causas
1309 658 1551 715 aperuisti·
1573 682 1626 695 .—
1651 681 1701 689 —
1724 664 1858 715 atque
1878 657 1975 712 ipse
2004 654 2179 698 varium
2210 660 2256 696 et
2284 651 2467 708 elegans
2496 648 2615 694 omni
2632 646 2725 691 sere

253 756 443 794 nmero
470 754 652 800 Μῶα·
646 740 859 793 -fe‘cisti,
855 738 1288 797 philosophiamque
1315 738 1469 783 multis
1497 737 1611 782 locis
1640 736 1887 789 inchoasti,
1918 736 1975 779 ad
2005 733 2323 791 impellendum
2353 731 2495 783 satis,
2532 730 2589 773 ad
2620 729 2724 772 edo·

251 822 443 869 meum
480 833 653 878 parum.
657 822 692 847 ‘⁴'
750 819 941 864 Orelli.
966 819 1085 864 Inter
1112 819 1269 871 libros,
1296 831 1414 876 quos
1454 817 1599 861 Varro
1631 819 1686 860 de
1716 816 2001 873 philosophia
2029 813 2305 872 scripsisset,
2336 810 2590 855 enumerari
2630 818 2723 851 tres

254 900 553 958 scriptiones&
575 906 838 951 saturas,
866 898 1270 956 laudationes,
1299 897 1595 954 prooemia
1621 897 2058 953 antiquitatum,
2088 900 2264 950 praeter
2285 890 2527 935 Oehlerum
2549 902 2721 940 οιιιηεε,

255 978 421 1038 quisae
445 977 663 1025 hoo-loeo
691 979 1085 1035 scripseruntviri
1112 978 1261 1032 docti,
1292 977 1570 1023 intellexisse
1597 976 1744 1020 video,
1805 975 1896 1019 Sed
1927 975 2070 1031 primo
2102 972 2203 1017 loco
2234 971 2496 1020 videamus,
2527 968 2637 1026 quid
2669 967 2723 1010 de

254 1058 736 1107 Souris-oensendum
765 1059 838 1102 sit.
889 1058 958 1102 Ex
986 1059 1159 1103 saturis
1185 1057 1436 1115 Menippeis
1464 1066 1608 1102 ortum
1642 1056 1834 1102 Varroni
1863 1055 1993 1112 quasi
2024 1064 2271 1110 cognomen
2303 1050 2555 1111 Menippen.
2619 1048 2721 1096 Quo

252 1137 435 1181 nomine
471 1137 550 1195 qui
589 1137 652 1182 ita
690 1140 900 1191 utuntur,
940 1145 991 1180 ut
1029 1149 1183 1181 omnes
1217 1137 1344 1180 locos
1381 1137 1474 1181 hoc.
1508 1137 1686 1182 nomine
1714 1136 1925 1191 insignes
1963 1134 2022 1177 ad
2063 1134 2255 1175 Saturas
2292 1137 2530 1180 revocant,
2572 1141 2723 1170 errare

254 1223 424 1261 eertum
467 1223 551 1260 est.
612 1197 787 1261 Probus
829 1217 949 1262 enim
980 1216 1104 1274 Virg.
1138 1216 1230 1261 Ecl.
1263 1215 1343 1270 Vl,
1371 1215 1443 1261 31.
1474 1230 1525 1272 .p.
1557 1215 1655 1259 352.
1689 1209 1850 1263 Ἰλίου,
1889 1226 2037 1256 rerum
2076 1210 2373 1254 humanarum
2419 1208 2723 1264 Antiquitates

252 1297 300 1340 in
328 1295 631 1341 testimonium
662 1309 847 1349 vocans,
888 1304 991 1353 post
1029 1295 1247 1340 Varronis
1276 1308 1438 1339 nomen
1467 1296 1613 1339 addit:
1654 1295 1759 1351 »qui
1787 1294 1879 1348 (sic
1908 1292 1984 1347 (ἔγ
2005 1291 2271 1346 Menippeus
2302 1290 2476 1333 dictusa
2510 1288 2722 1343 reliqua).

251 1374 377 1421 Etsi
406 1376 741 1433 grammaticum
779 1376 1175 1432 doctrinaeveopia
1209 1375 1327 1434 male
1351 1375 1619 1420 >abutentem
1652 1374 1802 1416 minus
1842 1373 2051 1414 idoneum
2093 1377 2250 1413 testem
2292 1382 2395 1411 esse
2419 1366 2722 1425 judicaveris,

255 1454 384 1498 adest
412 1453 709 1511 Symmachus
739 1454 794 1498 de
826 1454 1070 1511 Imaginum
1099 1454 1226 1498 libris
1254 1454 1445 1512 loquens
1474 1454 1584 1510 Epp.
1617 1453 1650 1507 1,
1680 1454 1722 1497 4.
1754 1451 1850 1496 his:
1885 1452 2108 1494 »studium
2148 1457 2195 1491 tu
2224 1449 2403 1506 quidem
2435 1446 2722 1501 menippei

252 1533 473 1579 Varronis
502 1534 749 1587 imitaris‚‹c
790 1542 836 1577 et
871 1533 1173 1578 Tertullianus
1215 1533 1395 1590 Apolog
1433 1548 1472 1580 o.
1518 1534 1609 1586 14.,
1655 1533 1732 1589 qui
1778 1544 2077 1582 enumerans,
2123 1530 2200 1587 qui
2248 1528 2355 1586 quid
2400 1526 2724 1570 contumeliose

252 1612 300 1655 in
338 1612 450 1655 deos
487 1611 730 1663 lusissent,
766 1612 963 1657 laudatis
1003 1614 1170 1670 poetis,
1210 1614 1258 1657 in
1297 1611 1578 1669 philosophis
1607 1612 1787 1666 (ataceo
1829 1611 1884 1654 dc
1916 1608 2245 1667 philosophisa)
2286 1615 2390 1664 post
2420 1606 2652 1650 Socratem
2684 1614 2727 1648 et

252 1690 564 1745 Diogenem
582 1690 829 1733 Varronem
847 1692 1001 1734 ultimo
1017 1693 1117 1736 loco
1134 1700 1183 1736 ut
1197 1693 1429 1749 quendam·
1439 1692 1673 1735 irrisorum
1690 1690 1933 1747 principem
1950 1689 2101 1744 posuit
2121 1688 2190 1731 his
2207 1687 2383 1730 verbis:
2410 1694 2478 1729 „et
2496 1686 2726 1731 Romanus

253 1768 452 1824 Cynicus
475 1769 620 1811 Varro
638 1771 721 1824 (ad
743 1778 849 1813 natt.
876 1771 921 1823 l.,
947 1773 1011 1815 10.
1045 1771 1192 1816 Latini
1213 1771 1304 1814 stili
1325 1771 1576 1827 Diogenes)
1598 1778 1819 1824 trecentes
1838 1768 1995 1820 Joves,
2018 1769 2118 1811 sive
2137 1767 2366 1823 Jupiteres
2387 1766 2624 1810 dicendum
2648 1766 2725 1819 (ad

213 1906 218 1909 ⁶
250 1856 359 1897 mtt.
381 1835 616 1895 dicendum
634 1853 744 1904 est‚)
773 1852 873 1896 sine
903 1851 1126 1906 capitibus
1155 1851 1406 1896 introduxit
1426 1851 1506 1905 (ad
1527 1857 1658 1894 natt.:
1682 1849 1922 1904 induxit).“
1967 1846 2146 1892 lrrisum
2167 1847 2211 1889 in
2232 1845 2302 1891 his
2326 1846 2452 1889 video
2477 1844 2726 1891 Varronem

250 1940 342 1969 non
376 1928 659 1975 irridentem
699 1943 802 1976 nam
834 1929 1098 1977 Tertulliani
1127 1945 1230 1976 esse
1260 1931 1362 1978 illos
1391 1930 1533 1975 Joves
1562 1930 1661 1973 sive
1689 1929 1938 1986 Jupiteres,
1981 1928 2094 1971 satis
2125 1927 2292 1971 clarum
2322 1935 2392 1970 est
2431 1939 2487 1969 ex
2517 1940 2571 1968 eo
2603 1925 2722 1983 quod

252 2006 381 2049 addi:
425 2006 553 2050 „sive
581 2007 814 2054 dicendum
845 2015 957 2054 estas
1018 2008 1164 2057 Quam
1196 2009 1367 2062 Varro,
1404 2008 1565 2052 Jovem
1594 2009 1807 2052 mundum
1837 2008 1995 2050 dicens
2022 2019 2155 2058 esse,
2192 2007 2433 2049 rotundum
2471 2005 2617 2057 illum,
2662 2007 2723 2052 (in

253 2099 342 2146 quo
371 2085 472 2131 loeo
513 2086 819 2136 Tertullianus
847 2089 946 2143 ipse
976 2096 1184 2136 versatus
1214 2102 1317 2134 esse
1346 2089 1524 2133 videtur
1552 2087 1654 2134 loco
1684 2088 1924 2131 admodum
1955 2087 2104 2130 lacero
2134 2086 2203 2130 ad.
2236 2085 2353 2129 Natt.
2379 2085 2447 2136 ll.,
2476 2086 2516 2129 4.
2548 2099 2587 2139 p.
2627 2083 2721 2128 173.

250 2165 335 2220 ἱιι.)
374 2165 567 2211 humana
605 2167 751 2224 figura
790 2167 950 2216 melius
988 2176 1238 2223 carentem,
1277 2181 1367 2230 qua
1403 2168 1615 2224 opinione
1652 2168 1785 2211 etiam
1836 2166 2138 2222 Xenophanes
2184 2164 2290 2218 suit,
2338 2166 2569 2220 proposuit
2619 2179 2719 2207 sen-

251 2246 449 2299 tentiam,
480 2258 576 2290 eam
606 2245 916 2297 Tertullianus
942 2248 1137 2296 breviter
1166 2248 1443 2308 perstrinxit,
1475 2248 1728 2299 verbosiuS,
1759 2247 1868 2291 deos
1897 2245 2001 2290 illos
2031 2259 2146 2302 quos
2176 2246 2221 2287 in
2251 2245 2363 2287 Jove
2393 2245 2544 2287 inesse
2575 2244 2721 2286 Varro

250 2331 513 2381 putaverat,
549 2326 675 2381 ipsos
711 2339 979 2377 enumerans
1019 2328 1302 2383 Augustinus
1333 2327 1384 2371 C.
1416 2328 1472 2376 D.
1505 2326 1583 2378 lV,
1629 2330 1688 2370 ll.
1731 2333 1916 2384 uterque
1950 2324 2167 2371 Varronis
2197 2332 2387 2368 mentem
2419 2324 2592 2371 insulse
2625 2339 2722 2381 per-

254 2412 448 2449 vertens.
517 2405 663 2455 Quam
702 2420 795 2455 rem
833 2406 1012 2454 omnino
1052 2406 1278 2464 perspexit
1321 2405 1703 2463 Havereampius,
1752 2418 2017 2463 quamquam
2061 2406 2103 2448 is
2145 2406 2279 2451 etiam
2324 2407 2422 2462 ipse
2470 2406 2717 2449 Varronem

249 2484 429 2540 oblique
458 2485 504 2526 in
531 2484 602 2527 his
632 2492 855 2533 taxantem
885 2486 1018 2535 deum
1039 2485 1239 2531 Stoicum
1257 2485 1529 2547 deprehendi
1560 2485 1707 2529 minus
1735 2494 1855 2528 recte
1885 2485 1968 2528 sibi
1999 2486 2236 2541 persuasit.
2288 2485 2443 2542 Neque
2473 2493 2569 2529 erat
2598 2487 2718 2542 quod

248 2560 452 2604 haereret
483 2561 529 2604 in
550 2562 687 2611 verbe
717 2562 1054 2614 inducamim
1085 2570 1322 2621 utrumque
1340 2564 1474 2618 enim,
1494 2571 1540 2608 et
1559 2563 1797 2609 inducendi
1817 2571 1861 2607 et
1879 2564 2191 2609 introducendi
2213 2566 2399 2609 verbum
2417 2563 2629 2624 frequens
2651 2574 2719 2608 cst

247 2642 293 2684 in
313 2640 445 2684 novis
475 2639 837 2697 philosophorum
867 2643 1063 2687 inventis
1091 2642 1414 2689 describendis.
1476 2643 1635 2687 Cicero
1665 2643 1717 2687 N.
1742 2642 1796 2688 D.
1820 2642 1890 2695 ll.,
1919 2643 1989 2688 30.
2023 2643 2221 2688 Creuzer
2251 2645 2305 2689 N.
2332 2644 2386 2688 D.
2411 2644 2460 2697 1.,
2495 2646 2560 2690 16.
2587 2661 2626 2702 p.
2649 2647 2718 2692 72.

250 2720 401 2769 Quare
432 2720 676 2774 Oehlerus,
708 2719 1029 2771 Tertullianum
1063 2722 1264 2770 Romano
1295 2722 1465 2778 Cynico
1496 2722 1678 2770 laudato
1719 2721 1870 2767 „velut
1898 2724 2038 2781 digito
2079 2725 2208 2768 nobis
2239 2733 2638 2778 commonstrasse.
2673 2727 2716 2769 in

250 2801 504 2857 eujusmodi
542 2800 655 2843 libro
693 2789 883 2847 ridicula
919 2804 1006 2845 ista
1043 2803 1209 2848 ,lovum
1249 2803 1323 2849 vel
1360 2802 1609 2858 Jupiterum
1647 2801 1811 2847 cohors
1850 2801 2013 2849 fuisset
2051 2804 2349 2856 introducta,‹c
2396 2813 2573 2848 saturas
2613 2820 2713 2851 eum

248 2881 409 2924 librum
437 2894 541 2925 esse
569 2887 749 2938 putans,
778 2882 808 2924 1.
835 2883 871 2926 1.
895 2882 1021 2941 1248.
1044 2884 1175 2928 nobis
1204 2883 1382 2943 quidam
1410 2897 1555 2941 neque
1584 2883 1641 2927 de
1669 2884 1769 2939 ipsa
1797 2883 1884 2928 loci
1915 2884 2136 2929 sententia
2156 2898 2299 2942 neque
2320 2884 2375 2927 de
2397 2883 2528 2935 libro,
2560 2885 2603 2927 in
2625 2900 2715 2943 quo

249 2962 400 3019 posita
428 2960 578 3014 fuerit,
606 2963 842 3019 persuasit.
902 2962 1102 3016 Rectius,
1133 2972 1183 3014 ut
1212 2972 1337 3021 puto,
1368 2978 1395 3010 a
1424 2963 1643 3013 Merkelio
1672 2979 1714 3021 p.
1747 2966 1846 3012 221.
1878 2964 1991 3009 haec
2021 2966 2162 3008 verba
2188 2963 2447 3022 fragmentis
2476 2965 2713 3022 Antiquitt.

248 3043 340 3087 div·
370 3040 661 3087 annumerasti
679 3049 804 3095 sunt,
825 3056 959 3108 qunm
985 3044 1075 3104 ipsi
1095 3044 1261 3095 dudum
1291 3030 1608 3101 proposuimus
1627 3046 1892 3090 sententiam
1913 3046 1958 3090 in
1978 3046 2129 3089 libello
2159 3046 2214 3089 de
2244 3060 2390 3089 causs.
2414 3057 2610 3102 corrupt.
2634 3047 2713 3092 rel.

248 3121 378 3166 Rom.
410 3137 455 3179 p.
478 3123 547 3168 52.
582 3147 630 3155 -
665 3122 832 3167 Verum
851 3131 912 3169 -ut
939 3124 996 3173 ad
1027 3125 1239 3181 graviora
1267 3137 1521 3181 pergamus,
1551 3126 1598 3172 in
1628 3126 1806 3171 Saturis
1837 3126 1994 3171 Cicero
2024 3127 2147 3176 dicit,
2176 3125 2311 3171 multa
2341 3124 2483 3168 fuisse
2518 3126 2713 3171 admixta

247 3202 513 3249 ex-intima
548 3201 851 3259 philosophia,
894 3203 1033 3250 multa
1075 3204 1198 3258 dicta
1239 3204 1487 3253 dialectice.
1549 3207 1699 3263 Atque
1741 3206 1943 3271 quidde
1981 3205 2227 3249 dialecticis
2256 3205 2514 3260 tradiderit,
2552 3219 2709 3263 parum

247 3275 412 3338 liquet3
451 3284 727 3339 paucissima
763 3285 880 3332 enim
918 3282 1165 3343 fragmenta
1194 3284 1282 3338 ,huc
1310 3286 1425 3335 trahi
1458 3300 1593 3346 posse
1622 3286 1897 3335 intellexisse
1926 3285 2033 3330 mihi
2062 3285 2244 3340 videor3
2275 3294 2482 3342 superest
2510 3286 2709 3333 intima

660 3357 669 3361 “
2269 3353 2299 3398 2

201 3650 380 3661 -fflndassm
408 3658 432 3661 .„
460 3659 467 3661 A
494 3659 511 3661 Μ
