2940 3661
229 327 456 386 m
478 309 773 382 oblongunh‘
830 319 1135 372 Quaerenda.
1167 318 1439 364 Bitschelius
1473 318 1645 376 primus
1677 319 1870 363 Varroni
1908 319 2120 371 reddidit,
2158 318 2366 375 Discipu.
2407 332 2481 376 pg.
2520 320 2583 371 8.,
2617 322 2695 377 qui

230 385 381 455 tenen
410 405 456 451 in
483 418 540 450 eo
571 406 714 449 'ei-rutv
735 399 774 446 Ι.-
794 399 825 445 l.
861 408 938 465 η.
966 399 1059 454 49.,
1091 399 1224 459 quod·
1244 391 1459 454 mundum
1496 398 1544 443 in
1581 397 1653 443 his
1692 400 1833 445 solam
1870 399 2070 445 tellurem
2101 399 2265 443 dictam
2295 405 2444 455 putat5
2483 400 2694 443 mundum

190 536 195 540 .
230 486 352 539 enim
380 486 528 543 ipsum
556 480 744 538 intelligi
773 478 1058 526 manifestum
1087 485 1157 524 est
1194 485 1289 523 tum
1318 478 1393 523 illo
1431 477 1557 532 loco,
1597 492 1729 537 quem
1758 494 1816 525 ex
1855 479 2001 525 Probo
2031 478 2382 536 exscripsimus,
2420 483 2514 522 tum
2545 478 2697 523 verbis

233 556 452 611 amni
478 560 701 617 Capena
720 560 759 617 §.
777 559 879 606 849.
901 559 975 608 ed.
997 557 1161 616 Kopp„
1183 573 1300 616 quae
1329 559 1374 602 in
1403 556 1497 610 hac,
1517 558 1618 614 ipsa
1638 559 1856 604 Varronis
1878 560 2099 604 sententia
2128 557 2316 603 fundata
2345 557 2555 602 videntur
2581 570 2697 605 esse.

234 643 468 697 Amdunt
496 647 729 697 praeterea
755 637 1006 697 fragmenta
1030 637 1634 696 ‘Pythagoricafflsapientiae
1663 638 1808 695 plena,
1840 653 1955 696 quae
1982 653 2010 682 a
2044 638 2295 691 Censorino
2326 643 2507 680 servata
2539 637 2697 693 partim

233 722 444 783 ascripsit
466 710 638 777 Poprna
664 719 825 775 partim
844 718 1007 784 omisit,
1029 719 1074 761 in
1104 718 1267 774 quibus
1287 725 1406 770 sunt,
1436 725 1486 760 ut
1513 731 1652 774 supra
1682 719 1894 770 diximus,
1923 733 1961 762 c.
1982 719 2025 762 9.
2051 720 2115 761 11.
2140 725 2183 760 et
2207 718 2290 770 14,
2324 730 2440 773 quae
2470 716 2696 760 nobilissi-

234 813 335 845 mas
354 797 637 864 Pytaligorae
662 797 864 843 rationes
892 797 1089 840 musicas
1119 796 1363 846 continent,
1391 802 1436 839 et
1456 809 1570 852 quas
1600 797 1655 840 de
1682 797 1844 840 aetatis
1863 796 2076 847 hominis,
2094 795 2326 838 adhibita
2314 807 2415 852 ipsa
2444 794 2695 838 Tuscorum

236 875 470 924 recondita
499 856 719 929 doctrina,
749 875 862 920 satis
891 875 1096 921 curiosas
1125 874 1272 919 Varro
1310 875 1503 917 instituit
1541 877 1843 933 quaestiones.
1909 875 2008 922 Jam
2044 889 2154 918 vero
2193 874 2240 917 in
2279 873 2460 917 Saturis
2498 874 2576 916 vix
2607 874 2697 917 dici

236 964 407 1014 potest,
435 964 545 1012 quot
573 944 686 999 locis
714 954 798 998 has
826 963 872 999 et
897 954 969 998 his
998 955 1166 998 similes
1194 967 1269 997 res
1297 956 1504 1010 attigerit.
1566 956 1634 998 Ex
1664 957 1826 1011 quibus
1855 956 2046 1010 exempli
2085 969 2226 997 causa
2255 955 2475 1011 quaedam
2505 954 2694 1009 eligam3

238 1050 341 1082 nam
379 1048 534 1094 omnes
572 1042 617 1080 et
653 1034 834 1091 longum
874 1042 944 1078 est
981 1041 1025 1078 et
1064 1032 1138 1078 hic
1173 1032 1282 1078 nihil
1321 1034 1478 1078 attinet
1521 1033 1700 1079 referre.
1767 1034 1823 1078 Et
1862 1034 2051 1091 primum
2101 1016 2280 1092 quidem
2318 1047 2419 1078 cum
2459 1031 2698 1076 Tuberone

222 1107 416 1173 ‘propter
443 1115 693 1172 argumenti
723 1113 1055 1157 similitudinem
1085 1114 1398 1171 conjungenda
1428 1121 1496 1157 est
1525 1122 1678 1157 satura
1727 1111 1841 1163 Ἕως
1879 1112 2016 1164 πόας
2058 1119 2159 1170 περὶ
2192 1108 2321 1170 ὡρῶν
2361 1128 2403 1169 p.
2446 1113 2545 1156 278.
2579 1113 2697 1168 Rip„

236 1195 310 1239 cni
341 1194 508 1250 Popma
537 1192 653 1236 Bibl.
687 1192 816 1235 Varr.
838 1208 878 1248 p.
900 1193 1018 1244 509..
1046 1188 1199 1236 nescio
1230 1193 1346 1236 unde
1373 1193 1590 1235 arcessito
1622 1193 1765 1243 titulo,
1788 1193 1917 1236 EAE
1944 1191 2118 1236 HOTE
2144 1193 2397 1248 inscripsit3
2430 1192 2576 1234 Aldus
2606 1206 2698 1235 uno

235 1274 336 1317 loco
373 1276 476 1329 περὶ
516 1265 648 1329 ὁρῶν.
708 1257 821 1315 Nam
860 1272 915 1315 de
953 1272 1175 1316 aetatibus
1212 1272 1332 1314 vitae
1368 1270 1603 1321 humanae,
1640 1286 1690 1313 re
1729 1285 1758 1314 a
1795 1271 1998 1314 Varrone
2037 1271 2274 1327 diligenter
2311 1279 2357 1314 et
2396 1270 2548 1313 multis
2582 1268 2697 1313 locis
2740 1276 2743 1280 ’

236 1359 427 1394 tractata
453 1334 540 1406 (cf.
571 1350 813 1394 Comment.
855 1365 895 1405 p
926 1350 1027 1399 26.)
1065 1350 1209 1392 dictas
1237 1362 1340 1392 esse
1370 1346 1509 1405 ὥρας,
1549 1351 1762 1392 evincunt
1792 1363 1931 1404 paene
1961 1350 2100 1392 verba
2129 1364 2155 1392 a
2188 1350 2333 1392 Nonio
2364 1357 2572 1399 servata,
2612 1351 2698 1402 sic,
2738 1350 2743 1383 '—

237 1437 289 1474 ut
316 1443 400 1486 ego
430 1437 553 1485 puto,
582 1429 920 1485 distinguenda.
981 1427 1141 1470 »Vitae
1171 1441 1349 1489 cursum
1379 1435 1428 1469 ut
1458 1441 1731 1482 cognoscere
1760 1441 1964 1491 possem,
2005 1436 2049 1471 et
2078 1441 2193 1484 quae
2222 1428 2456 1471 servitutis
2484 1436 2530 1470 et
2563 1427 2698 1472 liber-

238 1508 346 1577 tatis
374 1508 439 1563 (h.
471 1521 509 1551 e.
539 1515 584 1551 et
613 1520 844 1551 servorum
875 1514 918 1550 et
947 1487 1184 1549 liberorum
1213 1506 1455 1558 hominum,
1486 1513 1534 1549 ut
1563 1521 1751 1563 quorum
1772 1514 2061 1563 utrorumque
2086 1506 2243 1550 eadem
2263 1513 2387 1550 esset
2410 1515 2454 1549 et
2482 1508 2698 1551 nascendi

238 1571 283 1631 et
301 1587 539 1630 crescendi
568 1597 612 1628 et
640 1586 831 1628 exeundi
871 1584 950 1638 (cf.
981 1584 1028 1627 L.
1064 1584 1110 1626 L
1148 1583 1201 1637 V,
1232 1584 1326 1639 60.)
1366 1585 1586 1638 conditi03
1626 1586 1716 1627 vid
1749 1584 2005 1628 Macrobius
2036 1586 2131 1628 Sat.
2167 1586 2200 1636 l,
2234 1586 2300 1628 11.
2333 1599 2377 1640 p.
2410 1587 2507 1629 245.
2542 1588 2700 1642 »quasi

239 1680 330 1712 non
358 1689 412 1700 —
451 1665 585 1709 immo
621 1663 931 1727 hominesa).
954 1664 1009 1705 ab
1031 1663 1315 1726 origine-adv
1351 1663 1800 1718 exodium‘ductae«.
1872 1663 2021 1707 Titulo
2052 1671 2200 1707 autem
2222 1661 2337 1712 Ἕως
2367 1661 2505 1718 πότες
2546 1668 2701 1722 quaeri

239 1752 372 1800 puto,
403 1756 638 1800 quousque
666 1742 759 1784 vita
786 1741 979 1784 humana
1008 1741 1189 1784 extendi
1229 1741 1394 1796 possit;
1432 1742 1488 1785 de
1528 1755 1615 1799 qua
1653 1756 1702 1785 re
1732 1743 1835 1800 quid
1876 1743 2072 1786 senserit
2103 1742 2248 1786 Varro
2278 1743 2381 1786 vide
2421 1756 2491 1800 ap.
2534 1744 2702 1790 Censo-

238 1823 385 1866 rinum
427 1823 490 1866 ll.
503 1822 566 1864 ll.
635 1820 808 1864 Deinde
852 1820 1052 1875 proxime
1090 1820 1147 1862 ad
1186 1833 1281 1863 eam
1322 1821 1610 1872 sententiam,
1658 1834 1748 1877 qua
1795 1821 1841 1863 in
1891 1823 2057 1864 mundo
2107 1822 2182 1865 ovi
2222 1822 2557 1867 similitudinem
2597 1838 2700 1869 esse

240 1901 374 1953 dixit,
406 1900 577 1943 accedit
606 1898 796 1949 Satura,
826 1898 898 1941 cui
929 1905 1107 1953 propter
1135 1897 1249 1941 hanc
1278 1898 1419 1952 ipsam
1450 1899 1785 1964 similitudinem
1817 1899 1995 1943 Dolium
2012 1907 2102 1961 aut
2132 1900 2263 1961 Seria
2292 1902 2556 1957 inscriptum
2597 1903 2698 1957 suit,

240 1981 313 2022 cui
344 1993 443 2021 cum
476 1978 701 2032 Diogene,
732 1991 846 2032 quae
877 1984 946 2018 est
978 1976 1170 2031 Popmae
1201 1984 1244 2020 et
1274 1977 1452 2021 Oehleri
1483 1980 1716 2030 sententia,
1749 1978 1879 2031 nihil,
1912 1993 2009 2022 cum
2042 1979 2208 2023 Stoicis
2238 1989 2308 2032 et,
2339 1983 2377 2023 si
2409 1983 2515 2038 quid
2548 1984 2699 2036 video,

241 2071 405 2100 arcana
443 2055 657 2111 religione
695 2054 880 2098 multum
910 2068 1143 2098 commune
1172 2054 1266 2098 fuit.
1328 2056 1407 2099 Sic
1436 2057 1553 2100 enim
1593 2057 1647 2100 de
1685 2072 1738 2099 eo
1777 2056 1893 2100 libro
1926 2057 2100 2100 Probus
2140 2060 2196 2101 ad
2229 2058 2353 2115 Virg.
2387 2059 2479 2104 Ecl.
2514 2061 2592 2113 Vl,
2628 2062 2699 2107 31.

243 2150 282 2192 p.
313 2135 412 2181 353.
448 2134 582 2177 Lion:
643 2134 752 2177 „Sin
782 2146 888 2177 vero
918 2133 1089 2176 coelum
1120 2148 1201 2190 pro
1231 2135 1349 2191 igni
1381 2136 1450 2189 (in
1479 2134 1552 2178 his
1582 2135 1812 2191 versibus)
1843 2136 2219 2189 intellexerimus,
2249 2152 2407 2194 quem
2438 2142 2700 2193 eundem,

237 2214 500 2258 mundum
531 2220 585 2255 et
612 2209 836 2268 κόσμον
859 2213 1069 2254 dictum
1099 2214 1304 2268 probat
1335 2213 1480 2256 Varro
1511 2215 1557 2267 in
1579 2214 1780 2270 Cynicis,
1812 2230 1940 2273 quem
1972 2217 2200 2270 inscripsit
2230 2216 2412 2259 Dolium
2442 2227 2521 2261 aut
2551 2221 2699 2274 Seria,

242 2292 419 2347 (Certa)
448 2292 540 2335 sic:
600 2290 796 2333 Mundus
825 2292 983 2333 domus
1012 2299 1083 2334 est
1112 2293 1301 2335 maxima
1330 2291 1532 2343 homulli,
1562 2307 1691 2349 quam
1725 2296 1919 2350 quinque
1954 2295 2164 2337 altitonae
2205 2294 2438 2339 flammeae
2469 2297 2554 2348 (alx
2583 2298 2702 2356 frag-

240 2371 385 2420 mine;
416 2369 568 2413 Barth.
603 2370 792 2411 Advers.
823 2369 892 2422 49,
923 2369 963 2413 9.
995 2370 1132 2414 2295:
1162 2371 1408 2426 segmine.)
1462 2370 1610 2414 Zonae
1651 2372 1833 2427 cingunt
1862 2385 1940 2428 per
1978 2373 2112 2429 quem
2143 2373 2306 2417 limbus
2339 2376 2488 2431 pictus
2521 2377 2589 2420 bis
2620 2392 2702 2421 sex

238 2449 386 2505 signis
430 2447 576 2501 stellis
611 2448 875 2490 mirantibus
921 2448 973 2502 (2
1012 2448 1396 2493 stellimicantibus
1435 2449 1597 2493 Junius
1638 2451 1875 2493 Animadv.
1918 2451 2045 2494 Grut.
2092 2452 2243 2508 Lamp.
2296 2454 2347 2499 T.
2391 2454 2468 2496 lV.
2517 2470 2560 2511 p.
2601 2458 2699 2503 384.

245 2526 410 2570 Mulier
440 2525 488 2568 L.
522 2526 572 2570 L.
602 2541 645 2582 p.
676 2526 774 2572 302.
806 2540 906 2570 cum
935 2526 1051 2580 aliis,
1082 2540 1196 2584 quos
1227 2528 1330 2571 vide
1361 2541 1430 2584 ap.
1463 2527 1725 2590 Oehlerum)
1756 2529 1875 2572 altus
1906 2532 1948 2572 in
1970 2531 2154 2587 obliquo
2186 2533 2366 2576 aethere
2396 2534 2551 2579 Lunae
2576 2537 2703 2592 bigas

245 2605 325 2661 (al.
356 2605 509 2660 binas)
540 2612 751 2662 acceptat.
787 2632 835 2638 —
871 2606 926 2650 Et
955 2606 1205 2663 appellatur
1234 2621 1261 2651 a
1298 2606 1525 2652 caelatura
1553 2608 1749 2660 caelum;
1778 2623 1937 2667 graece
1976 2611 2032 2654 ab
2073 2621 2234 2655 ornatu
2277 2610 2462 2669 κόσμος,
2504 2614 2641 2659 latine
2677 2630 2704 2660 a

244 2685 410 2741 puritie
439 2685 675 2729 mundusa.
733 2685 865 2728 Unde
894 2686 955 2728 sit
982 2688 1099 2742 quod
1130 2688 1176 2730 in
1207 2687 1306 2741 Bip.
1346 2701 1388 2742 p.
1429 2689 1525 2731 271.
1567 2690 1765 2731 additum
1794 2698 1884 2732 est:
1933 2690 2162 2733 „Postumi
2194 2695 2266 2735 cui
2298 2693 2495 2747 seplasia
2523 2693 2705 2746 foetet«,

244 2766 416 2822 ignoro.
487 2765 770 2820 Anapaestos
806 2773 1086 2821 agnoverunt
1126 2765 1404 2809 Hermannus
1442 2767 1492 2810 E.
1524 2767 1579 2811 D.
1614 2768 1673 2810 M.
1715 2784 1755 2824 p.
1797 2769 1895 2813 388.
1959 2769 2177 2814 Miillerus
2208 2772 2235 2813 l.
2279 2773 2306 2816 l.
2340 2773 2572 2816 Oelilerus.
2637 2772 2722 2817 De‘

245 2844 438 2899 singulis
467 2842 606 2885 multa
634 2844 866 2895 dubitatio,
898 2851 947 2885 ut
975 2844 1075 2898 ipse
1107 2844 1385 2888 Hermannus
1416 2845 1553 2889 »haec
1581 2847 1680 2890 aliis
1710 2848 1987 2891 emendanda
2009 2849 2279 2905 reliquerit«.
2331 2852 2425 2895 Nos
2455 2853 2705 2897 sententiae

244 2922 521 2965 insistimus:
552 2922 745 2964 mundus
765 2923 884 2964 enim
905 2922 1071 2965 Stoicis
1093 2932 1305 2979 perpetuo
1334 2934 1521 2967 vocatur
1550 2927 1708 2968 domus
1729 2925 1954 2970 hominum
1985 2937 2029 2971 et
2059 2930 2261 2980 deorum,
2282 2940 2331 2973 ut
2350 2944 2418 2985 ap.
2442 2931 2705 2975 Ciceronem

245 3001 302 3043 de
330 3000 430 3043 Nat.
463 3001 584 3043 deor.
620 3000 671 3053 ll,
702 3001 772 3044 35.
805 3008 848 3042 et
877 3001 977 3051 624
1013 3009 1061 3045 ut
1099 3003 1212 3045 hene
1243 3003 1463 3046 Oehlerus
1502 3004 1794 3063 explicaverit
1834 3007 2025 3050 indicem
2067 3009 2281 3061 Saturae,
2331 3012 2402 3052 cui
2445 3011 2705 3066 inscriptum

245 3081 424 3124 videtur
460 3078 602 3137 fuisse
624 3074 1002 3136 Ἀνθρωπόπολις
1018 3096 1079 3149 p.
1119 3082 1593 3148 9730eh1.mundum
1623 3084 1710 3128 hoc
1740 3086 1918 3129 nomine
1948 3087 2035 3130 dici
2055 3087 2303 3138 affirmans3
2335 3089 2540 3132 similiter
2570 3090 2706 3134 tellus

247 3173 276 3202 a
315 3159 519 3203 Varrone
557 3160 602 3201 in
640 3147 806 3203 Satura
827 3146 1002 3203 incerti
1040 3144 1155 3206 tituli
1198 3143 1461 3207 Pseudonea
1499 3180 1543 3220 p.
1581 3166 1679 3209 303.
1722 3166 1818 3221 Bip.
1892 3167 2005 3210 „Per
2076 3172 2082 3217 Ι
2146 3168 2435 3211 Aeviternam
2480 3169 2708 3214 hominum

249 3238 427 3282 domum
490 3243 499 3293 Ι
562 3237 784 3283 Tellurem
825 3253 1013 3296 propero
1051 3242 1264 3298 gradum«
1277 3273 1291 3297 ‚
1340 3244 1384 3286 in
1437 3244 1599 3302 quibus
1650 3244 1905 3302 Glyconeos
1944 3248 2094 3289 inesse
2132 3246 2391 3293 Meinekius
2437 3250 2704 3307 suspicatur,

249 3318 429 3363 Annall.
463 3319 699 3376 Antiquitt.
746 3318 868 3364 1845.
899 3320 953 3363 N.
994 3320 1066 3364 93.
1106 3345 1157 3354 -—
1200 3322 1246 3366 ln
1277 3323 1356 3368 illo
1386 3325 1523 3382 igitur
1552 3333 1734 3370 saturae
1762 3325 1884 3370 Dolii
1913 3324 2189 3384 fragmento,
2219 3330 2353 3387 cujus
2385 3330 2610 3373 interitum
2639 3336 2711 3374 est

2240 3398 2292 3440 3·
