2940 3661
1310 865 1517 938 Caput
1565 869 1606 922 1.

697 955 701 959 ’
779 981 902 1038 De
943 966 1448 1050 Philosophia
1480 983 1580 1040 M.
1615 983 1703 1040 Τ.
1741 982 2133 1063 Varronis.

327 1156 399 1201 -lg
436 1109 628 1217 Blulto
666 1151 712 1194 in
747 1150 918 1196 honore
953 1150 1055 1196 suits
1075 1153 1195 1210 apud
1232 1154 1444 1211 antiquos
1471 1152 1533 1197 M.
1563 1150 1614 1195 Τ.
1648 1151 1869 1196 Varronis
1898 1149 2194 1208 philosophia.
2254 1148 2410 1207 Neque
2448 1147 2686 1203 immerito.

232 1233 349 1279 Naui
387 1234 435 1279 id
471 1234 821 1292 philosophandi
850 1248 1020 1298 genus,
1059 1236 1180 1293 quod
1214 1243 1313 1281 erat
1349 1235 1406 1281 de
1442 1236 1538 1280 vita
1575 1247 1631 1279 ac
1667 1222 1895 1287 moribus,
1932 1233 2048 1279 libro
2077 1232 2295 1290 singulari
2323 1232 2559 1284 tractavit,
2597 1241 2688 1288 quo

233 1313 435 1359 scribens
461 1314 524 1359 de
550 1327 723 1359 summo
751 1312 898 1367 bono,
927 1327 1065 1373 quum
1093 1315 1315 1373 insignem
1344 1314 1574 1359 adhiberet
1602 1313 1893 1358 subtilitatem
1921 1313 2199 1364 disserendi,
2233 1312 2291 1356 ad
2321 1311 2539 1356 ducentas
2568 1318 2690 1355 octo-

232 1392 358 1451 ginta
386 1390 501 1437 octo‘
518 1389 889 1450 pbilosophorum
900 1400 1091 1448 ·sectas,
1135 1407 1253 1438 »non
1291 1402 1407 1452 quae
1434 1400 1612 1447 essent,
1643 1393 1725 1437 sed
1752 1406 1869 1450 quae
1896 1405 2001 1436 esse
2028 1399 2257 1448 possent,«
2289 1391 2509 1451 pervenit,
2557 1389 2691 1446 cujus

232 1462 335 1515 libri
371 1471 544 1528 aliquot
579 1472 706 1515 locos
744 1472 1028 1529 Augustinus
1067 1474 1268 1517 servavit
1288 1473 1356 1526 C.
1385 1472 1445 1517 D.
1474 1472 1551 1516 lib.
1582 1472 1703 1515 xlx.
1734 1486 1774 1516 c.
1808 1475 1845 1515 1.
1876 1487 1918 1528 p.
1952 1472 2064 1517 1140
2102 1472 2193 1527 (ed.
2226 1470 2333 1515 Bas.
2365 1470 2518 1526 1542.)
2548 1482 2694 1525 seqq„

233 1550 311 1595 ubi
323 1542 550 1608 ffeguntur
578 1542 712 1594 haec:
745 1570 833 1616 23—
864 1550 990 1595 nulla
1016 1558 1087 1595 est
1114 1540 1285 1595 homini
1314 1565 1454 1597 causa
1481 1550 1852 1608 philosophandi,
1881 1551 1972 1595 nisi
2001 1557 2052 1594 ut
2079 1550 2240 1594 beatus
2270 1550 2345 1593 sit.
2393 1549 2513 1606 quod
2544 1554 2693 1591 autem

233 1632 412 1675 beatum
439 1629 700 1691 facit,·ipse
729 1636 800 1673 est
827 1630 934 1674 finis
960 1632 1109 1675 boni«
1140 1645 1180 1676 c.
1208 1630 1251 1675 3.
1282 1645 1326 1687 p.
1362 1631 1483 1676 1145.
1519 1651 1607 1673 22—
1639 1631 1861 1675 hominem
1890 1643 1975 1674 nec
2003 1630 2198 1674 animam
2228 1628 2396 1680 solam,
2435 1641 2521 1671 nec
2548 1626 2695 1670 solum

234 1723 416 1766 corpuS,
446 1709 527 1752 sed
556 1709 749 1752 animam
779 1709 915 1752 simul
943 1717 988 1754 et
1016 1724 1182 1766 corpus
1209 1723 1313 1753 esse
1341 1710 1595 1754 arbitratur,
1628 1692 1707 1765 (cf.
1739 1710 1860 1753 Varr
1888 1723 1961 1766 ap.
1995 1709 2112 1765 Aug.
2145 1708 2196 1753 C.
2228 1708 2284 1753 D.
2315 1708 2416 1761 Vll,
2446 1707 2528 1762 6.).
2589 1705 2697 1748 Pro-

232 1789 337 1834 inde
365 1801 585 1832 summum
614 1788 781 1832 bonum
802 1786 1011 1843 hominis,
1047 1804 1135 1848 quo
1166 1790 1226 1833 sit
1253 1790 1429 1841 beatus,
1458 1802 1515 1832 ex
1544 1790 1779 1847 utriusque
1807 1789 1873 1832 rei
1904 1789 2035 1833 bonis
2063 1795 2272 1832 constare
2293 1787 2414 1841 dicit,
2446 1794 2489 1830 et
2518 1785 2694 1829 animae

233 1868 407 1913 scilicet
434 1876 479 1912 et
509 1868 723 1924 corporis.
785 1869 853 1913 Ac
881 1882 960 1927 per
988 1869 1074 1922 hoc
1102 1870 1244 1927 prima
1271 1867 1352 1914 illa
1380 1875 1567 1914 naturae
1596 1866 1677 1925 (τά
1696 1870 1857 1927 πρῶτα
1875 1864 2067 1927 φύσεως,
2088 1881 2203 1926 quae
2224 1867 2373 1911 Varro
2393 1880 2430 1910 c.
2452 1865 2494 1911 3.
2518 1864 2693 1922 „primi-

231 1948 392 2006 genia·
434 1950 600 2002 vocat)
638 1946 820 2003 pro‘pter
858 1960 909 1991 se
947 1949 1047 2005 ipsa
1086 1949 1310 1993 existimat
1345 1961 1448 1992 esse
1476 1949 1751 2005 expetenda,
1790 1950 2023 2005 ipsamque
2051 1949 2288 1999 virtutem,
2327 1960 2461 2004 quam
2490 1945 2694 1988 doctrina

233 2026 393 2071 inserit
422 2025 545 2069 velut
573 2031 712 2069 artem
743 2026 950 2078 vivendi,
991 2028 1181 2087 quaein
1210 2028 1387 2071 animae
1415 2013 1546 2071 bonis
1574 2034 1646 2071 est
1679 2024 2106 2071 excellentissimum
2136 2028 2347 2070 bonum«
2390 2049 2442 2057 —
2482 2025 2548 2076 ib„
2575 2036 2694 2066 „non

232 2107 351 2150 enim
379 2105 466 2150 hoc
494 2112 565 2148 est
590 2105 710 2156 vita,
741 2105 861 2161 quod
889 2106 1058 2160 virtus,
1089 2107 1302 2163 quoniam
1330 2119 1422 2151 non
1451 2106 1599 2151 omnis
1628 2106 1748 2159 vita,
1778 2107 1860 2150 sed
1888 2107 2070 2163 sapiens
2099 2106 2195 2149 vita
2224 2105 2367 2149 virtus
2405 2111 2516 2148 ests<
2550 2127 2601 2134 -
2633 2102 2692 2146 ib.

237 2207 327 2229 n—
366 2185 494 2229 Hanc
531 2184 670 2228 vitam
706 2183 879 2228 beatam
918 2185 1052 2229 etiam
1090 2185 1366 2230 socialem
1404 2183 1638 2242 perhibent
1675 2198 1805 2239 esse,
1844 2199 1960 2243 quae
1998 2186 2244 2230 amicorum
2283 2185 2401 2228 bona
2429 2190 2612 2240 propter
2641 2194 2693 2225 se

233 2265 334 2321 ipsa
361 2264 522 2321 diligat
550 2264 670 2308 sicut
698 2276 798 2317 sua,
830 2264 985 2321 eisque
1015 2271 1195 2321 propter
1223 2278 1273 2309 se
1301 2265 1429 2323 ipsos
1458 2264 1545 2309 hoc
1572 2264 1696 2318 velit,
1728 2265 1849 2321 quod
1879 2264 1990 2308 sibi:
2021 2265 2120 2308 sive
2148 2264 2196 2308 in
2224 2264 2356 2307 domo
2386 2263 2478 2306 sint
2510 2284 2558 2293 -
2592 2262 2693 2305 sive

233 2345 281 2387 in
308 2344 426 2395 loco,
453 2343 529 2386 ubi
560 2343 719 2386 domus
751 2342 849 2399 ejus
880 2350 963 2395 est,
994 2343 1112 2387 sicut
1140 2350 1211 2388 est
1238 2344 1398 2398 urbs,
1440 2352 1499 2387 ut
1535 2351 1668 2388 sunt
1705 2343 1788 2395 hi,
1823 2344 1920 2400 qui
1958 2343 2118 2387 cives
2155 2350 2459 2397 vocantur3
2499 2342 2597 2384 sive
2637 2341 2693 2383 in

233 2423 370 2465 orbe
398 2429 543 2474 toto,
583 2406 635 2465 'ut
663 2429 769 2465 sunt
796 2429 979 2478 gentes,
1017 2436 1159 2479 quas
1194 2423 1246 2466 ei
1275 2423 1532 2467 societas
1560 2422 1800 2466 humana
1834 2422 2149 2480 conjungit.
2183 2446 2234 2452 —
2264 2436 2308 2478 p.
2341 2421 2466 2466 1146.
2501 2441 2593 2463 2·—
2623 2420 2693 2464 Ex

232 2501 376 2546 tribus
405 2514 541 2556 porro
571 2499 663 2543 illis
692 2500 810 2543 vitae
838 2500 1105 2557 generibuS,
1145 2501 1317 2554 otioso,
1356 2492 1568 2555 actuoso,
1607 2507 1653 2545 et
1680 2501 1800 2559 quod
1829 2514 1886 2544 ex
1915 2508 2106 2559 utroque
2145 2501 2441 2557 compositum
2471 2508 2567 2551 est,
2606 2498 2693 2543 hoc

233 2580 411 2625 tertium
431 2579 516 2622 sibi
537 2578 717 2636 placere
746 2575 1021 2622 asseverant.
1081 2579 1204 2624 Haec
1232 2581 1433 2625 sensisse
1462 2587 1596 2638 atque
1627 2580 1836 2625 docuisse
1855 2581 2154 2649 Academicos
2183 2588 2362 2625 veteres
2391 2579 2540 2623 Varro
2570 2592 2693 2623 asse-

234 2660 318 2712 rit,
355 2665 539 2703 auctore
568 2657 816 2711 Antiocho,
856 2659 1072 2714 magistro
1102 2658 1337 2703 Ciceronis
1365 2667 1409 2703 et
1434 2673 1566 2704 suo«.
1592 2684 1643 2691 —-
1674 2658 2014 2716 Exscripsimus
2043 2660 2306 2717 ampliorem
2326 2660 2427 2717 ejus
2455 2657 2693 2715 fragmenti

233 2746 422 2798 partem,
448 2746 499 2782 ut
526 2736 826 2794 intelligatur,
863 2751 980 2794 quae
1008 2736 1154 2782 fuerit<
1171 2739 1301 2796 quasi
1329 2752 1503 2783 summa
1531 2752 1714 2792 eorum,
1743 2752 1859 2796 quae
1890 2738 2037 2785 Varro
2067 2740 2123 2784 de
2158 2741 2253 2785 vita
2280 2752 2335 2784 ac
2361 2739 2563 2784 moribus
2591 2751 2693 2782 sen·

234 2819 358 2864 serit.
409 2819 726 2862 Verumtamen
748 2817 837 2860 nisi
861 2817 1068 2873 perlectis
1085 2819 1271 2875 integris
1285 2819 1377 2862 illis
1392 2819 1505 2862 locis
1520 2826 1688 2862 certum
1699 2819 1921 2876 judicium
1937 2820 1992 2864 de
2007 2820 2066 2864 iis
2081 2832 2196 2878 quae
2207 2819 2403 2865 Varroni
2423 2819 2691 2877 placuerint,

236 2911 411 2958 quaeve
438 2898 539 2957 ejus
558 2897 692 2941 fuerit
716 2897 967 2940 disserendi
987 2899 1117 2950 ratio,
1138 2897 1285 2942 facere
1305 2910 1395 2942 non
1412 2899 1594 2955 poteris.
1640 2898 1753 2942 Nam
1775 2913 1913 2956 quum
1946 2900 2163 2944 ducentas
2193 2898 2295 2944 illas
2329 2898 2558 2956 octoginta
2586 2904 2691 2942 octo

236 2980 404 3031 sectas,
432 2978 624 3021 mirifico
654 2977 844 3020 artificio
874 2990 1004 3029 usus,
1033 2979 1359 3035 excogitasset,
1388 2979 1570 3022 remotis
1600 2980 1762 3023 ceteris
1791 2980 2028 3032 omnibus,
2063 2979 2241 3024 tandem
2265 2978 2313 3023 in
2341 2977 2588 3023 Academia
2615 2989 2693 3021 ve·

235 3058 318 3103 teri
346 3057 588 3116 acquievit,
616 3056 749 3114 cujus
778 3055 942 3112 placita
969 3057 1154 3100 uberius
1183 3065 1420 3102 enarrasse
1448 3058 1703 3102 censendus
1732 3065 1816 3103 est.
1868 3059 2152 3116 Augustinus
2175 3059 2294 3103 enim
2326 3063 2568 3114 »quantum
2593 3056 2693 3101 bre·

233 3138 350 3183 viter
378 3144 621 3195 aperteque
647 3135 714 3192 (ἓ)
743 3142 942 3192 poterat«
984 3136 1041 3180 de
1078 3149 1134 3180 eo
1169 3149 1334 3194 genere
1373 3138 1492 3195 quod
1525 3137 1670 3181 Varro
1700 3137 1836 3195 elegit
1872 3138 2055 3183 disserit
2091 3152 2129 3182 c.
2168 3138 2210 3183 3.
2271 3136 2406 3186 Quod
2444 3143 2581 3194 caput
2617 3136 2694 3182 ubi

236 3215 495 3272 diligentius
534 3215 723 3261 lustravi
762 3215 881 3259 illico
918 3215 966 3259 in
1002 3227 1102 3259 eam
1130 3229 1202 3260 me
1237 3223 1413 3273 raptum
1451 3218 1576 3261 sensi
1615 3216 1896 3273 opinionem,
1941 3225 1991 3261 ut
2040 3229 2155 3275 quae
2194 3216 2356 3261 Cicero
2395 3217 2538 3261 Acad.
2577 3215 2621 3267 1,
2650 3216 2691 3259 5.

235 3296 485 3342 Varronem
514 3297 805 3343 disserentem
833 3293 941 3341 facit
984 3308 1087 3341 cum
1114 3293 1186 3340 his
1195 3272 1360 3363 :gquae
1398 3296 1517 3355 apud
1547 3296 1849 3353 Augustinum
1887 3303 2101 3352 exstant,
2119 3296 2305 3342 intimae
2340 3296 2570 3343 societatis
2597 3295 2693 3338 vin-
