2940 3661
1258 132 1566 182 ...n-.-

94 290 97 293 '
157 278 385 355 iffi,
415 303 649 349 utrumne
661 294 781 342 inter
816 297 1004 357 poetas,
1030 302 1109 336 an
1138 288 1266 332 ‘inter
1299 285 1596 346 philosophos
1632 298 1867 339 numeres,
1903 283 2024 344 quod
2063 283 2121 330 de
2156 295 2306 330 rerum
2346 289 2506 327 natura
2544 296 2643 327 ver-

115 373 323 428 ,Λή
338 378 551 436 conlisit-,³
584 382 647 419 -ιι
682 373 812 432 apud
849 371 1080 417 Romanos
1117 367 1354 414 lauet-etius
1391 375 1465 419 et
1474 367 1621 412 Varro
1675 367 1934 412 -α.1ιιιιι
1970 365 2106 419 vide,
2151 376 2289 422 quam
2334 370 2439 420 apte
2487 363 2644 408 Cicero

176 457 359 507 ms
398 456 686 513 mipvas
704 456 905 511 poema
946 444 1171 524 ιιοιιιίιιει,
1209 463 1300 493 ιιοιι
1337 456 1566 506 poemata,
1608 454 1687 493 aut
1724 461 1918 492 carmen.
1997 445 2111 490 Nam
2149 451 2201 489 ut
2242 444 2441 489 breviter
2484 442 2647 495 dicam,

177 541 297 600 quod
330 536 503 589 sendo,
544 533 766 586 Saturae,
803 542 899 577 non
913 531 1191 580 Saturarum
1220 529 1305 575 hoc
1339 530 1396 574 ab
1435 529 1582 574 Ennio
1611 528 1857 586 profectum
1895 526 2120 572 scribendi
2160 538 2307 584 genus
2344 523 2576 582 proprium
2604 530 2649 566 et

179 619 337 679 φησι
351 604 595 673 genuinum
633 603 721 659 sili
759 612 910 669 poscit
938 618 1117 658 ιιιιιιειι.Ι
1176 610 1325 655 „olim
1370 623 1577 661 carmen,
1620 610 1739 667 qnod
1782 623 1841 652 ex
1884 607 2025 651 variis
2066 606 2375 663 poematibus·
2395 604 2648 653 constabat,

178 694 348 742 setim
385 692 829 751 vocabatur-,squate
865 691 1144 748 scripserunt
1173 690 1401 735 Pacuvius
1436 697 1482 732 et
1517 688 1692 733 Ennius
1730 713 1785 723 -
1825 689 1993 732 Satura
2033 687 2231 730 carmina
2269 684 2410 728 multa
2439 683 2575 727 simul
2606 690 2651 726 et

124 773 136 776 ’
161 781 387 836 poemata
414 772 875 840 comprehenduntur·
906 771 1187 821 suntffverba
1215 770 1448 815 Diomedis
1486 768 1557 814 ΙΙΙ.
1588 784 1630 825 p.
1659 768 1784 815 483:
1825 776 1870 813 et
1903 768 2047 814 Varro
2079 766 2294 811 „alterum
2330 764 2446 809 illud
2484 772 2529 808 et
2550 764 2651 821 jam

181 859 310 919 prius
335 856 536 900 Saturae
543 866 728 915 genus,
757 851 841 896 sed
868 865 960 896 non
987 850 1087 896 sola
1114 852 1362 895 carminum
1392 850 1609 893 varietate
1638 849 1822 894 mixtum
1853 848 2096 892 condidit«
2159 846 2207 890 Ιιι
2235 860 2325 903 quo
2356 843 2649 895 Quinctiliani

183 936 333 991 (tn-tt
373 948 440 978 or.
479 932 762 988 Χ.,1,95.)
792 916 921 985 loco,
950 932 1184 976 Ciceronis
1211 930 1403 974 orationi
1432 928 1684 983 simillimo,
1715 929 1961 985 siquidem,
2000 928 2120 984 quod
2153 927 2314 969 Cicero
2343 925 2567 967 varium
2597 931 2651 965 et

183 1036 237 1048 ——
276 1013 486 1071 elegansoe
528 1013 600 1056 hic
639 1026 783 1056 »non
822 1012 951 1056 sola
989 1012 1201 1055 mixtum«
1241 1011 1379 1064 dixit,
1417 1009 1563 1054 omnis
1601 1011 1673 1053 vis
1710 1017 1779 1052 est
1817 1009 1862 1051 in
1902 1022 2014 1052 voce
2056 1021 2172 1050 „non
2203 1005 2348 1058 sola«,
2388 1003 2574 1047 minima
2604 1003 2650 1046 in

185 1095 450 1138 coadidit
476 1094 505 1135 i.
540 1107 578 1134 e.
610 1093 874 1147 composuit.
934 1091 1115 1148 Atque
1102 1105 1148 1133 ιιι
1166 1089 1237 1133 his
1258 1090 1516 1133 Casauboni
1547 1088 1867 1132 subtilissimae
1891 1098 1935 1131 et
1963 1086 2332 1131 accuratissimae
2359 1082 2651 1139 disputationi

186 1171 297 1215 nihil
333 1172 505 1222 habeo,
544 1172 665 1228 quod
702 1171 864 1214 addam
905 1171 1020 1224 (vid.
1054 1170 1111 1212 de
1149 1170 1345 1225 satyrica
1383 1169 1543 1212 Graec.
1583 1176 1627 1211 et
1665 1168 1791 1210 Rom.
1834 1167 1962 1222 poesi
2003 1181 2045 1222 p.
2088 1165 2171 1210 199
2208 1178 2276 1220 sq.
2300 1163 2520 1215 -.‚Ramb)
2562 1163 2651 1204 nisi

185 1250 274 1295 hoc
299 1265 466 1302 unum,
493 1263 584 1293 non
612 1250 754 1292 videri
785 1249 963 1304 singula
992 1250 1191 1292 camina
1217 1249 1356 1291 mixta
1391 1247 1533 1291 fuisse
1572 1248 1813 1290 indiscreta
1843 1252 2095 1301 poematum
2126 1245 2369 1292 varietate,
2399 1243 2478 1284 sed
2510 1249 2652 1284 totum

186 1319 440 1386 poematum
477 1342 644 1384 corpus
679 1326 823 1372 fuisse
860 1326 998 1385 quasi
1029 1334 1225 1371 saturam
1265 1326 1444 1387 (Lydus
1482 1327 1539 1371 de
1567 1339 1706 1370 mens.
1735 1339 1780 1381 p.
1810 1324 1882 1368 30.
1927 1322 2107 1378 Roeth)
2139 1321 2319 1378 frugum
2349 1329 2394 1364 et
2423 1333 2655 1377 pomorum

188 1410 316 1467 eopia
345 1410 620 1453 instructam.
681 1408 837 1466 Neque
865 1414 1015 1451 tamen
1043 1407 1090 1451 in
1117 1406 1218 1464 ipsa
1246 1414 1425 1460 satura,
1457 1405 1717 1450 universum
1757 1411 1904 1449 autem
1943 1417 2059 1460 opus
2089 1400 2278 1459 intelligi
2308 1401 2439 1453 volo,
2474 1401 2519 1443 in
2552 1413 2657 1443 con-

190 1490 325 1532 dita-i
364 1488 603 1533 multarum
642 1497 686 1531 et
725 1488 1004 1532 diversarum
1041 1501 1189 1530 rerum
1236 1486 1360 1530 nulla
1396 1486 1572 1531 ratione
1607 1487 1725 1529 inter
1762 1498 1814 1528 se
1852 1485 2194 1542 conjunctarum
2235 1482 2473 1525 colluviem
2516 1480 2659 1523 fuisse

191 1568 406 1621 arbitron-3
442 1568 523 1611 sed
561 1568 713 1624 aliquo
754 1566 975 1609 communi
1014 1565 1197 1609 vinculo
1235 1564 1416 1621 singula
1454 1565 1653 1608 carmina
1690 1565 1806 1607 inter
1835 1577 1887 1606 se
1916 1572 2021 1620 apta
2049 1561 2220 1613 fuisse,
2251 1574 2334 1604 nec
2364 1545 2480 1603 enim
2516 1560 2659 1602 Varro

191 1646 299 1689 talia
334 1646 616 1701 scripsisset,
656 1653 734 1688 aut
773 1646 1009 1701 quisquam
1048 1645 1305 1695 laudasset,
1342 1657 1490 1688 meum
1529 1652 1650 1687 certe
1688 1643 1913 1699 judicium
1952 1650 2035 1685 est.
2098 1640 2231 1690 Quod
2271 1640 2498 1683 vinculum
2531 1638 2663 1693 quale

191 1723 348 1776 fuerit,
388 1730 568 1778 propter
606 1723 828 1779 ingentem
859 1735 1006 1766 rerum
1034 1722 1311 1778 proditarum
1341 1722 1516 1778 copiam
1555 1728 1600 1764 et
1636 1721 1942 1766 vastissimam
1973 1720 2114 1763 totius
2144 1720 2296 1775 operis
2326 1718 2661 1775 amplitudinem

193 1825 245 1835 --
277 1801 317 1844 si
349 1801 526 1858 quidem
556 1800 689 1843 hodie
719 1814 897 1857 qnoque
925 1801 982 1843 ad
1012 1806 1187 1844 centum
1219 1800 1482 1844 Saturarum
1513 1801 1627 1843 tituli
1657 1807 1905 1855 supersunt
1936 1823 1985 1831 -—-
2018 1791 2235 1841 incertum
2266 1806 2348 1842 est.
2393 1798 2521 1855 Ego,
2555 1798 2660 1853 quid

194 1881 409 1932 sentiam,
442 1893 531 1921 non
558 1880 744 1930 celabo,
775 1887 824 1921 ut
851 1887 998 1921 tamen
1027 1892 1158 1920 suum
1188 1880 1432 1935 unicuique
1461 1881 1520 1921 sit
1549 1879 1734 1922 liberum
1760 1878 1994 1934 judicium.
2056 1877 2195 1918 Plane
2224 1877 2469 1933 singularis
2498 1878 2544 1918 in
2576 1877 2661 1918 hoc

194 1958 294 1999 viro
322 1958 408 1998 t'uit
437 1959 509 1999 vis
539 1965 725 1999 naturae
753 1967 798 1999 et
827 1959 994 2012 ingenii
1024 1958 1212 1999 indoles.
1274 1959 1386 2000 Nam
1415 1972 1550 2014 quum
1582 1959 1657 1999 alii
1689 1959 1772 1999 viri
1804 1958 1962 1999 eruditi
1985 1958 2039 1997 de
2061 1956 2255 2010 singulis
2285 1958 2423 1998 rebus
2458 1957 2663 2011 singulos

196 2037 335 2079 libros
365 2039 561 2079 scribere
588 2037 809 2089 solerent,
851 2036 996 2079 Varro
1036 2036 1296 2093 plerumque
1336 2051 1475 2091 paene
1513 2037 1730 2079 infinitam
1770 2050 1921 2078 rerum
1961 2034 2316 2086 multitudinem,
2351 2037 2518 2093 ingenti
2550 2035 2662 2078 litte-

197 2129 348 2159 rarum
384 2117 490 2159 orbe
529 2117 910 2172 comprehensam,
942 2130 1033 2158 uno
1064 2125 1194 2172 partu
1221 2117 1395 2159 edebat.
1457 2116 1581 2159 Fecit
1620 2115 1707 2159 hoc
1746 2117 1792 2158 in
1831 2114 2209 2171 Disciplinarum,
2250 2117 2295 2158 in
2327 2115 2662 2159 Hebdomadum

197 2196 349 2247 libris3
395 2196 540 2239 simile
584 2197 781 2239 studium
827 2189 1078 2251 Περίπλους
1122 2196 1216 2247 ille,
1249 2209 1380 2251 quam
1413 2196 1489 2238 alii
1530 2205 1727 2239 saturam
1767 2209 1871 2239 esse
1911 2203 2088 2251 putant,
2131 2195 2322 2238 sortasse
2360 2196 2491 2238 etiam
2532 2195 2663 2238 Com·

199 2275 452 2331 plexionum
493 2276 593 2319 libri
631 2276 841 2318 videntur
879 2275 1141 2327 ostendere,
1178 2289 1263 2320 nec
1293 2274 1671 2332 Logistoricorum
1703 2275 1916 2318 librorum
1956 2274 2160 2318 collectio
2200 2274 2349 2317 aliena
2377 2274 2463 2319 fuit
2493 2275 2552 2329 ab
2579 2274 2666 2317 hac

199 2354 513 2403 similitudine3
550 2355 630 2396 sed
661 2354 878 2409 imprimis
907 2353 982 2395 hic
1009 2354 1307 2398 nominandae
1334 2361 1440 2398 sunt
1476 2355 1777 2409 'Antiquitates
1806 2366 1953 2395 rerum
1990 2353 2283 2396 humanarum
2314 2361 2361 2401 et
2394 2356 2664 2397 divinarum.

200 2435 349 2489 Atque
378 2447 480 2477 cum
511 2433 606 2485 his,
638 2433 678 2474 si
707 2432 833 2475 solae
862 2444 935 2475 res
964 2439 1249 2487 spectantur,
1277 2439 1456 2477 saturae
1487 2431 1749 2488 Menippeae
1779 2441 1899 2475 reete
1930 2433 2138 2477 videntur
2178 2446 2314 2488 posse
2350 2433 2502 2491 aliquo
2533 2435 2665 2477 modo

199 2500 463 2567 comparari.
525 2511 646 2561 Quid
692 2513 810 2556 enim
853 2526 941 2556 non
985 2513 1207 2570 reperitur
1248 2513 1295 2557 in
1339 2519 1592 2557 saturarum
1637 2510 1926 2568 fragmentiS,
1971 2512 2090 2569 quod
2137 2513 2196 2555 ad
2241 2512 2531 2570 antiquitates
2577 2527 2668 2557 non

201 2590 437 2646 per-ineat&
506 2591 613 2635 lude
651 2592 708 2634 ab
746 2593 860 2648 ipsis
889 2592 1146 2648 primordiis
1174 2606 1320 2649 usque
1346 2594 1404 2637 ad
1433 2590 1617 2637 mortem
1652 2592 1795 2635 Varro
1827 2592 1871 2634 in
1902 2593 2086 2636 Saturis
2117 2593 2253 2638 vitam
2284 2593 2479 2637 hominis
2519 2607 2667 2650 perse·

204 2675 335 2713 cutus
362 2677 456 2714 est:
487 2662 814 2725 educationem,
845 2685 919 2716 res
951 2672 1233 2726 domesticas,
1265 2680 1387 2716 artes
1416 2680 1460 2716 et
1488 2670 1765 2728 disciplinas,
1795 2672 1985 2729 virtutes
2017 2680 2059 2714 et
2090 2672 2217 2726 vitia,
2250 2671 2444 2729 publica,
2474 2673 2666 2731 privata,

203 2750 372 2802 diviua,
392 2750 580 2807 profana
592 2752 767 2803 omnia,
798 2751 936 2809 quid?
969 2754 1188 2797 »omnium
1216 2766 1363 2796 rernm
1392 2752 1684 2796 humanarum
1715 2760 1758 2795 et
1788 2738 2040 2797 divinarum
2063 2753 2262 2804 nomina,
2291 2767 2474 2809 genera,
2503 2753 2666 2806 officia,

205 2842 370 2879 musas
401 2830 666 2887 aperuisse«
707 2833 960 2876 censendus
999 2841 1069 2876 est
1141 2831 1269 2881 Quae
1307 2833 1352 2876 in
1394 2832 1747 2889 Antiquitatibus
1787 2840 1945 2888 postea
1983 2833 2109 2889 gravi
2150 2832 2255 2876 stilo
2294 2834 2351 2878 ad
2381 2833 2597 2879 historiae
2626 2840 2670 2876 et

206 2907 515 2988 philosophiae
542 2909 741 2956 rationes
767 2911 934 2969 exegit,
962 2925 1018 2956 ea
1048 2912 1214 2969 pridem
1245 2912 1292 2956 in
1321 2911 1504 2965 saturis,
1533 2910 1759 2957 hilaritate
1789 2925 2053 2969 conspersa,
2084 2912 2130 2959 in
2161 2911 2404 2958 doctrinam
2445 2912 2669 2974 quandam

205 2998 259 3034 et
289 2982 419 3046 q'uasi
458 2997 599 3034 artem
637 2991 820 3035 vivendi
856 2990 1092 3036 effinxisse
1130 3004 1232 3036 eum
1271 3005 1536 3047 persuasum
1575 2991 1734 3038 habeo.
1804 2992 1896 3037 Sed
1936 2992 2207 3039 cuicuimodi
2247 2993 2292 3035 id
2338 3001 2433 3045 est,
2480 2993 2671 3044 accedit,

207 3069 327 3124 quod
371 3080 508 3112 unum
552 3083 718 3126 corpus
758 3071 988 3114 librorum·
1016 3070 1162 3115 fuisse
1204 3078 1383 3116 saturas
1435 3085 1525 3116 non
1576 3072 1665 3116 levi
1721 3073 1989 3117 documento
2041 3081 2110 3114 est
2157 3071 2417 3118 Marcianus
2467 3072 2671 3129 Capella,

210 3146 430 3193 Varronis
468 3150 664 3194 imitator
701 3151 1121 3209 ingeniosissimus,
1160 3152 1422 3207 Nuptiarum
1463 3152 1579 3197 duos
1617 3163 1662 3196 et
1692 3153 2042 3209 Disciplinarum
2084 3152 2221 3195 libros
2251 3160 2425 3209 septem
2461 3153 2509 3198 in
2538 3153 2673 3198 unius

207 3232 392 3281 saturae
429 3231 663 3274 circuitum
702 3231 994 3289 coujungens.
1065 3231 1196 3281 Quae
1233 3246 1367 3288 quum
1406 3232 1468 3274 ita
1507 3233 1623 3284 sint,
1665 3234 1913 3277 rectissime
1951 3232 2057 3276 fecit
2095 3232 2282 3285 Cicero,
2331 3234 2451 3291 quod
2496 3242 2672 3277 saturas

209 3307 473 3364 Menippeas
491 3322 582 3353 non
612 3323 806 3365 carmen,
839 3325 973 3368 quum
995 3311 1188 3368 pedestri
1218 3311 1421 3357 oratione
1450 3326 1550 3356 cum
1579 3313 1785 3357 versibus
1806 3313 1943 3356 mixta
1962 3325 2082 3356 nova
2109 3320 2206 3357 arte
2231 3312 2436 3358 conditae
2463 3311 2672 3363 fuissent,

2211 3381 2261 3423 2-
