2940 3661
1296 159 1605 212 ...21-

93 276 119 316 '.
139 286 165 354 ⁷.
209 315 939 401 &mianum-nah.
959 311 1132 363 Gentes
1148 314 1206 369 ll,
1223 299 1298 368 76,
1327 314 1468 361 altero
1495 314 1629 360 simul
1648 314 1725 360 illo
1754 315 1976 360 vocabulo
1995 329 2084 375 quo
2108 315 2255 361 Varro
2283 328 2398 361 usus
2426 326 2523 362 erat
2550 321 2676 364 adhi-

217 380 1035 459 fflkdioitvngnihiltutffiuimnobis
1063 395 1333 452 promissum
1352 394 1408 440 ad
1429 388 1717 450 hanc'vitam,
1739 407 1822 441 nec
1850 394 1897 440 in
1926 394 2282 443 carunculae
2310 394 2485 455 hujus
2512 396 2673 445 folli-

136 457 138 459 ’
212 460 348 540 εαξη
370 458 783 527 ,ωε-εἰκάζ-
825 473 1003 525 Quibus
1040 473 1180 526 loeis,
1216 472 1380 520 additis
1418 472 1549 527 aliis,
1587 472 1703 520 hane
1741 487 1836 519 rem
1864 473 2130 520 illustratam
2160 475 2294 520 video
2324 475 2382 519 ab
2412 475 2584 521 oreuio
2613 481 2672 523 aa

202 549 471 614 ssArmbii÷‚l÷
500 555 546 600 1.·
570 562 618 600 et
653 553 976 613 Havercampio
1011 552 1069 598 ad
1098 551 1284 598 Tertull.
1314 552 1397 609 Ap.
1420 566 1457 597 c.
1487 553 1558 608 50.
1618 553 1773 611 Neque
1802 553 1980 597 omnino
2009 553 2075 598 ita
2113 553 2248 611 longe
2283 554 2455 600 recedit
2493 556 2550 600 ab
2584 557 2669 602 hac

135 616 165 634 '⁷
213 636 537 689 similitudine,
571 634 692 693 quod
721 633 869 677 Varro
907 632 964 676 de
991 631 1059 676 Re
1086 639 1200 676 rust.
1233 632 1268 684 l,
1300 632 1337 675 1.
1368 631 1591 676 hominem
1620 623 1682 676 ai‘t
1720 631 1885 676 bullam
1924 645 2029 677 esse
2066 632 2146 688 (cf.
2178 632 2434 678 Casaubon.
2465 635 2513 679 in
2541 634 2669 680 Pers.

218 706 430 772 5519),
452 721 514 759 -et
542 713 663 771 quod
686 712 747 757 fin
785 712 976 763 Satura,
1014 712 1086 757 oui
1125 712 1380 755 Aristonem
1420 710 1577 755 Chium
1616 719 1800 755 secutus
1837 711 2031 757 Tithono
2062 713 2370 769 inscripserat,
2402 718 2507 771 περὶ
2536 711 2675 772 γήρως

214 796 331 855 (vld.
371 792 620 850 Schneider
654 791 838 849 Scriptt.
879 789 930 835 R.
969 804 1004 835 r.
1048 789 1182 836 lndex
1220 798 1335 836 auct.
1376 803 1419 834 v.
1461 789 1619 835 Varro.
1660 789 1716 835 cf.
1759 790 1940 835 Suidas.
1985 805 2028 835 v,
2062 788 2464 848 Σαρδανάπαλος.)
2494 807 2536 851 p.
2568 793 2671 840 313.

213 876 419 933 scripsit-t
448 873 557 935 ‘asic
586 871 982 945 invimfssffffiff
1017 870 1946 950 QJPBEQP-ERQQQ-{Sliffllff
2008 870 2093 914 Cui
2122 871 2223 915 loco
2255 872 2481 916 Oehlerns
2510 873 2673 919 Lucilii

212 955 385 1008 locam,
423 958 664 1011 praecunte
693 950 900 995 Turnebo
930 940 1047 994 Adv.
1077 950 1123 1002 3,
1156 949 1248 1002 10.,
1287 951 1498 1003 Arnobii,
1538 949 1798 993 Tertulliani
1839 958 1938 1006 apte
1977 951 2216 1006 ascripsit,
2254 952 2405 996 minus
2434 960 2537 1009 apte
2565 967 2669 997 cum

212 1010 415 1086 Mar-cero
442 1038 674 1082 matura
711 1030 777 1087 (h.
807 1043 847 1074 e.
877 1029 1122 1087 longaeva,
1155 1030 1251 1087 jam
1289 1029 1424 1086 digna
1461 1043 1576 1087 quae
1604 1029 1852 1080 injcoelum
1884 1031 2058 1085 redeat)
2089 1030 2136 1073 in
2166 1044 2193 1074 a
2231 1038 2441 1075 natura
2468 1022 2667 1077 mutans.

215 1100 345 1164 Quae
372 1124 475 1157 cum
503 1111 574 1162 ita,
594 1110 709 1164 sint,
747 1110 895 1166 ipsum
935 1109 1111 1154 animae
1146 1120 1382 1153 ascensum
1421 1108 1466 1151 in
1496 1108 1669 1154 coelum
1704 1121 1760 1152 ex
1792 1108 2105 1164 Empedoclis,
2144 1108 2370 1164 Platonis,
2411 1110 2669 1156 Stoicorum

209 1190 486 1248 quorundam
514 1190 736 1247 sententia
764 1189 842 1232 vix
872 1188 1053 1232 dubium
1092 1195 1186 1248 est,
1227 1188 1335 1245 quin
1368 1187 1510 1231 Varro
1540 1187 1587 1230 in
1617 1186 1701 1231 hac
1729 1194 1884 1230 satura
1913 1188 2184 1231 monstrarit.
2255 1188 2403 1247 Cujus
2433 1190 2498 1234 rei
2529 1198 2666 1235 tenue

210 1270 417 1327 quidem,
456 1269 537 1312 sed
566 1276 616 1312 ut
643 1269 859 1325 arbitror,
889 1267 1001 1313 satis
1041 1275 1212 1322 certum
1255 1267 1495 1324 vestigium
1539 1266 1885 1323 deprehendisse
1928 1266 2036 1310 mihi
2081 1267 2239 1312 videor
2280 1268 2326 1312 in
2369 1270 2522 1314 verbis
2566 1270 2662 1314 his:
2694 1326 2697 1328 q

210 1348 451 1392 „Mortales
488 1347 614 1392 multi
638 1331 895 1391 ’rursus'et
930 1360 1117 1403 prorsus
1153 1354 1344 1391 meant«
1404 1345 1661 1391 Macrobius
1698 1346 1814 1389 enim
1855 1345 2007 1390 Somn.
2048 1346 2125 1391 Sc.
2156 1346 2190 1389 1.
2222 1359 2262 1391 c.
2295 1348 2383 1401 12„
2412 1348 2489 1393 ubi
2519 1349 2662 1394 disse-

207 1442 316 1482 rens
342 1429 414 1471 de
427 1427 562 1471 animi
591 1425 921 1470 immortalitate
950 1424 1168 1482 permulta
1196 1425 1352 1479 tradit,
1393 1438 1509 1482 quae
1547 1422 1768 1468 Varronis
1807 1425 2072 1468 auctoritate
2111 1424 2338 1480 nituntur,
2376 1433 2428 1471 ut
2458 1441 2575 1485 quae
2606 1428 2662 1472 de

208 1508 383 1551 animae
420 1496 635 1562 gradibus
671 1502 806 1548 reffert
842 1518 878 1549 c.
920 1504 1008 1557 14„
1044 1503 1155 1547 haec
1183 1505 1313 1547 dicit:
1356 1503 1465 1547 „has
1495 1499 1606 1546 solis
1637 1509 1788 1560 portas
1818 1502 1991 1560 physici
2020 1513 2320 1558 vocaverunt,
2362 1506 2469 1563 quia
2503 1530 2550 1538 —
2584 1520 2664 1564 per

202 1585 287 1628 has
315 1591 467 1641 portas
496 1584 670 1626 animae
699 1584 754 1627 de
784 1583 910 1627 coelo
940 1583 985 1623 in
1014 1590 1157 1625 terras
1187 1595 1371 1625 meare
1400 1590 1444 1624 et
1473 1584 1528 1624 de
1558 1583 1688 1637 gerris
1718 1595 1970 1623 remeare
2006 1583 2263 1635 creduntur,
2296 1584 2398 1627 ideo
2429 1584 2659 1628 hominum

205 1675 321 1715 una,
359 1662 498 1706 altera
537 1663 721 1705 deorum
758 1669 970 1712 vocatur3
1007 1660 1234 1703 hominum
1278 1674 1439 1705 cancer
1479 1675 1591 1703 —-.cc
1654 1660 1775 1703 Haec
1818 1673 1845 1702 a
1890 1660 2095 1703 Varrone
2139 1662 2304 1704 alicubi
2350 1676 2455 1706 esse
2498 1667 2663 1708 tradita

203 1743 441 1802 edocemur
471 1741 620 1785 verbis
650 1740 797 1785 Servii
826 1741 873 1783 in
903 1739 1029 1796 Virg.
1062 1739 1225 1797 Georg.
1257 1739 1290 1793 l,
1320 1739 1389 1784 34.
1419 1740 1515 1783 his:
1559 1739 1703 1782 Varro
1743 1747 1890 1782 tamen
1929 1740 2014 1791 ait,
2057 1752 2108 1782 se
2145 1739 2313 1796 legisse
2351 1742 2663 1799 Empedotimo

203 1820 377 1864 cuidam
409 1820 699 1875 Syracusano
728 1820 913 1873 (nomen
941 1818 1233 1873 Empedotimi
1262 1820 1456 1863 restituit
1486 1818 1742 1862 Lobeckius
1773 1817 1873 1872 Agl.
1903 1817 1949 1859 in
1981 1819 2096 1860 Add.
2129 1833 2170 1874 p.
2203 1819 2328 1865 135⁷.
2360 1829 2404 1864 et
2432 1822 2661 1880 Bergkins

201 1900 257 1943 de
286 1898 470 1955 Emped.
502 1913 545 1955 p.
575 1899 644 1944 32.
704 1898 944 1942 Clementis
975 1898 1100 1941 Alex.
1131 1897 1293 1942 Strom.
1327 1897 1355 1941 l.
1388 1913 1427 1954 p.
1459 1897 1557 1943 334.
1590 1905 1634 1941 et
1666 1896 1833 1940 Suidae
1863 1910 1906 1939 v.
1931 1891 2181 1946 Ἰουλιανός
2211 1900 2477 1944 auctoritate
2511 1915 2659 1946 emen-

202 1978 424 2021 dationem
455 1990 581 2030 suam
611 1977 920 2033 confirmans.)
959 1977 1149 2035 quadam
1189 1984 1408 2033 potestate
1447 1977 1599 2021 divina
1638 1976 1864 2019 mortalem
1904 1984 2134 2032 aspectum
2174 1978 2425 2032 detersum,
2467 1993 2659 2038 eumque

200 2056 315 2102 inter
351 2062 501 2100 cetera
537 2063 628 2099 tres
666 2048 1054 2112 portasridisse,
1094 2063 1185 2099 tres
1218 2069 1273 2099 ue
1311 2056 1445 2098 vias«
1486 2055 1613 2111 reliq.
1658 2078 1707 2086 -
1752 2055 2012 2112 „Ejusmodi
2053 2062 2200 2098 autem
2240 2066 2443 2100 veterum
2482 2061 2658 2115 sapien-

201 2143 292 2178 tum
326 2160 374 2168 —-
407 2069 1497 2190 visionfflem
1527 2133 1829 2189 imperitorum
1870 2133 2032 2189 partim
2069 2134 2127 2177 ad
2158 2135 2236 2177 otii
2265 2134 2654 2181 oblectationem«

199 2212 452 2257 Lobeckius
481 2212 509 2255 l.
539 2212 570 2255 l.
601 2226 644 2268 p.
674 2211 774 2256 944.
836 2211 883 2254 ld
922 2213 1007 2255 etsi
1046 2226 1200 2256 verum
1239 2220 1332 2265 est,
1375 2225 1469 2255 rem
1508 2212 1651 2268 ipsam
1690 2219 1839 2255 tamen
1876 2213 2031 2268 negari
2068 2213 2222 2268 nequit
2261 2212 2510 2258 Varronem
2549 2231 2653 2273 pro-

198 2291 350 2343 basse,
379 2293 425 2334 in
458 2290 659 2335 Platonis
687 2290 892 2334 blandam
923 2297 1254 2347 transgressum
1284 2289 1583 2347 disciplinam,
1616 2304 1747 2346 quam
1778 2289 2109 2341 Tertullianus,
2138 2291 2292 2335 ridens
2321 2292 2443 2337 illam
2475 2298 2653 2339 meandi

197 2377 242 2414 et
276 2370 502 2414 remeandi
538 2370 763 2414 notionem
803 2369 1086 2426 perstringit,
1127 2370 1182 2414 de
1222 2371 1383 2414 Anima
1421 2384 1460 2414 c.
1491 2370 1558 2415 28.
1591 2368 1684 2413 his:
1729 2368 1879 2420 „Quis
1916 2368 1991 2412 ille
2028 2382 2150 2425 nunc
2178 2377 2311 2415 vetus
2351 2385 2500 2417 sermo
2532 2377 2653 2432 apud

196 2449 452 2493 memoriam
502 2448 703 2493 Platonis
752 2440 807 2491 de
859 2449 1106 2492 animarum
1156 2450 1457 2505 reciproco
1502 2449 1801 2499 discursu,
1846 2449 1965 2505 quod
2014 2448 2147 2492 hinc
2192 2452 2477 2497 abeuntes
2523 2464 2654 2498 eant

196 2528 369 2579 illuc,
408 2536 452 2571 et
490 2541 647 2572 rursus
687 2528 774 2571 huc
812 2529 993 2572 veniant
1030 2536 1075 2572 et
1113 2529 1269 2572 vivant
1305 2536 1350 2572 et
1385 2527 1546 2572 dehinc
1584 2540 1608 2571 e
1647 2528 1741 2570 vita
1777 2528 1958 2572 abeant:
2004 2541 2164 2572 rursus
2203 2543 2261 2574 ex
2299 2534 2489 2577 mortuis
2534 2533 2652 2578 effici

195 2604 391 2651 vivos‘3«
434 2613 478 2650 et
516 2620 643 2649 moxz
685 2606 751 2649 nsi
790 2620 898 2650 vero
938 2605 1119 2650 Samius
1157 2606 1359 2664 sophista
1391 2605 1564 2650 Platoni
1599 2613 1755 2649 auctor
1784 2614 1853 2649 est
1882 2607 2130 2651 animarum
2160 2609 2216 2652 de
2246 2611 2494 2655 recidivatu
2526 2625 2653 2655 revo-

192 2685 318 2731 lubili
358 2698 536 2741 semper
573 2699 630 2728 ex
668 2685 807 2729 altera
844 2693 1119 2729 mortuorum
1157 2693 1291 2743 atque
1327 2686 1572 2730 viventium
1603 2684 1862 2729 suffectione
1893 2701 2008 2728 -α,
2072 2687 2188 2732 Huic
2226 2699 2489 2746 argumento
2521 2706 2647 2748 prae-

190 2774 311 2809 terea
349 2765 452 2809 vide
482 2778 615 2820 quam
645 2762 794 2808 faveat
831 2765 931 2820 ipsa
961 2765 1152 2809 Saturae
1180 2765 1424 2822 inscriptio.
1488 2764 1818 2825 A-ndabatae
1858 2765 1973 2809 enim
2005 2766 2189 2823 quinam
2228 2767 2306 2828 alii
2335 2778 2441 2814 sunt
2471 2772 2647 2827 proprie

191 2860 324 2903 quam
363 2844 690 2889 ascendentes?
750 2844 805 2888 Et
843 2846 1071 2888 commode
1110 2844 1195 2889 hoc
1233 2845 1411 2889 nomine
1448 2844 1674 2889 hominum
1717 2844 1853 2887 animi
1897 2845 2193 2890 ascendentes
2236 2855 2280 2891 et
2325 2849 2651 2895 descendentes

192 2925 279 2968 dici
311 2932 526 2981 possunt,
566 2924 883 2967 andabatarum
913 2938 1035 2966 more
1065 2937 1115 2968 se
1145 2932 1498 2980 praetereuntes,
1534 2907 1647 2967 alter
1675 2923 1862 2967 alterum
1893 2938 1984 2967 non
2014 2926 2233 2969 videntes.
2267 2929 2307 2982 *)
2353 2952 2405 2960 —
2450 2929 2650 2973 Eandem

325 3072 357 3117 ·)
393 3071 500 3107 Lusit
531 3076 650 3107 tamen
684 3072 803 3108 Varro
836 3072 943 3123 etiam
977 3070 1245 3119 proverbialem
1276 3072 1374 3108 illam
1407 3072 1485 3119 ejus
1518 3072 1623 3107 vocis
1653 3071 1725 3107 vim
1759 3071 1959 3116 adhibens,
1990 3072 2035 3109 de
2068 3084 2140 3119 qua
2164 3074 2245 3109 sola
2269 3074 2431 3120 cogitant
2455 3073 2649 3113 Turnebus

393 3127 549 3164 Advers.
578 3128 633 3173 17,
657 3127 714 3173 23,
742 3128 901 3176 Popma,
925 3128 1008 3172 alii,
1033 3127 1179 3166 dicenst
1203 3140 1300 3167 „non
1324 3130 1450 3165 mirum
1475 3129 1506 3163 si
1533 3129 1717 3173 caecum,
1748 3130 1866 3164 minus
1890 3140 2016 3164 aurum
2041 3131 2135 3164 enim
2161 3141 2234 3165 non
2258 3132 2493 3179 praestringit
2519 3135 2652 3170 oculos

391 3206 500 3243 quam
541 3179 564 3229 ὅ
604 3185 746 3236 πολῦς
786 3183 976 3245 ἄκρατος
1005 3193 1074 3242 (ita
1097 3196 1288 3233 Turnebus
1312 3203 1347 3234 et
1372 3197 1580 3241 Mercerus,
1613 3197 1794 3245 probante
1818 3198 2001 3234 Grauerto
2026 3199 2132 3234 Anal.
2158 3198 2241 3234 hist.
2268 3211 2303 3247 p.
2334 3198 2484 3244 106.)‚«
2518 3203 2650 3246 quibus

390 3266 517 3303 verbis
542 3264 731 3304 Menandri
758 3277 904 3304 versum
927 3276 1139 3312 expressum
1164 3276 1246 3301 esse
1269 3266 1388 3302 hunc:
1424 3248 1448 3298 ὅ
1479 3253 1619 3305 πολῧς
1649 3251 1846 3313 ἄκρατος.
1872 3250 1976 3310 ὄλίγ’
2011 3250 2249 3311 ἀναγκάζει
2279 3262 2483 3315 φρονεῖν,
2514 3269 2649 3305 metue-

387 3321 474 3359 klus
497 3325 636 3361 monuit
665 3324 690 3362 l.
716 3323 762 3368 l.;
787 3324 1002 3362 sententiam
1033 3328 1152 3360 autem
1183 3324 1316 3371 ipsam
1345 3321 1614 3373 philosophiam
1639 3323 1850 3371 plerumque
1875 3323 2028 3362 divitum
2051 3326 2146 3362 atria
2169 3324 2309 3373 fugere,
2335 3327 2372 3362 in
2396 3332 2519 3361 satura
2548 3328 2644 3374 Aga·
