2940 3661
1282 187 1589 240 „ry-.-

212 323 943 426 fflsffl-muisse
959 356 1093 404 quae.
1115 345 1307 391 maxime
1335 345 1422 390 sibi
1450 345 1614 390 idonea
1640 343 1900 389 viderentur
1928 341 1985 386 ad
2015 352 2163 385 rerum
2193 349 2358 383 causas
2377 334 2663 392 explicandas

212 431 381 493 m
404 408 755 485 &ewra
782 426 967 484 siquae
994 423 1199 470 cumhis
1228 412 1380 483 aliqua
1408 425 1689 484 cognationis
1719 423 1933 467 societate
1971 421 2212 479 conjuncta
2248 431 2353 462 esse
2390 414 2662 459 viderentur.

189 567 192 572 ,
214 484 690 573 Εᾶιηωὰίωιωημί
719 518 749 551 a
771 504 994 558 ‚cicerone
1014 503 1203 554 ‚laudata
1221 505 1362 548 video
1390 505 1478 548 tria
1505 506 1684 549 nomina
1711 528 1767 538 -
1810 502 2002 546 Saturae
2030 499 2314 556 Menippeae,
2344 493 2665 545 Laudationes,

213 581 788 649 prondnbssnt‘quitatum
806 607 883 637 ,—-,
906 584 1022 628 duas
1049 584 1242 641 specie&
1271 598 1406 628 unum
1435 597 1593 641 genus.
1633 584 1781 641 Atque
1809 595 1945 625 unum
1974 592 2117 637 genus
2148 577 2342 622 describi
2372 573 2670 620 certissimum

217 646 375 726 estex
400 667 623 724 fis,‹quae
650 663 810 711 Cicero
837 663 1146 721 responsionis
1174 663 1273 709 loco
1302 664 1427 708 addit
1455 678 1494 707 c.
1525 663 1570 716 3,
1598 663 1640 708 9.
1653 695 1674 715 ,v
1706 663 1753 706 in
1784 663 1946 717 quibus
1976 660 2168 704 Saturae
2197 657 2364 714 mentio
2403 655 2466 697 ita
2494 653 2671 710 adJecta

171 760 174 764 ·
217 755 289 792 est
315 747 517 802 (atque
544 729 671 800 ipse
699 741 953 787 -“fecisti=
988 741 1486 799 philosophiamque),
1525 750 1574 786 ut
1603 742 1766 785 additis
1795 741 1927 783 novis
1956 741 2091 783 rebus
2120 737 2274 789 nulliS,
2304 736 2350 778 in
2379 747 2461 778 eas
2490 744 2672 789 quoque

220 825 382 871 &dere
422 822 718 881 intelligatur,
765 823 892 879 quae
923 821 979 867 de
1017 820 1291 879 reliquorum
1332 820 1548 866 librorum
1591 820 1865 880 argumentis
1907 819 2020 862 satis
2073 817 2257 873 copiose
2301 813 2511 870 exposita
2539 818 2669 861 sunt3

219 917 409 962 quorum
437 887 677 948 verborum
705 900 1008 946 tantummodo
1045 900 1179 946 haec:
1221 914 1393 945 »rerum
1434 925 1485 933 -
1526 913 1733 945 causas
1771 898 2013 955 aperuisti«
2055 897 2111 940 de
2139 892 2409 951 philosopha
2447 891 2671 936 scribendi

215 982 389 1026 ratione
418 982 538 1025 diota
562 993 667 1024 esse
695 994 785 1023 non
813 988 884 1023 est
912 982 1032 1036 quod
1060 988 1304 1024 moneatur.
1363 980 1537 1022 Deinde
1566 979 1751 1034 Species
1782 980 1896 1020 duas
1925 990 2039 1032 quas
2070 976 2285 1022 dixerim,
2316 975 2363 1014 in
2391 978 2547 1026 aperto
2588 978 2672 1019 est,

218 1057 439 1119 siquidem
468 1071 581 1118 quas
608 1071 684 1104 res
713 1057 858 1104 Varro
888 1058 933 1104 in
962 1058 1157 1111 Saturis,
1185 1065 1236 1103 nt
1257 1056 1540 1116 jucunditate
1568 1056 1764 1103 lecturos
1793 1055 2016 1109 alliceret,
2049 1053 2284 1109 Menippea
2312 1050 2538 1095 hilaritate
2568 1060 2673 1092 con·

220 1139 420 1201 spersit,
438 1138 484 1184 in
512 1137 844 1183 laudationibus
874 1144 918 1183 et
944 1138 991 1183 in
1019 1136 1342 1195 Antiquitatum
1371 1135 1611 1193 prooemiis
1650 1135 1808 1180 litteris
1837 1148 1945 1181 vere
1976 1131 2252 1190 pbilosophis
2293 1136 2559 1187 persecutus
2589 1134 2672 1171 est.

220 1218 321 1265 Jam
349 1231 487 1276 quum
515 1217 660 1261 omnis
689 1215 845 1263 horum
875 1217 1113 1272 verborum
1142 1216 1214 1269 vis
1243 1216 1388 1273 posita
1416 1217 1476 1260 sit
1504 1216 1551 1259 in
1579 1214 1841 1271 opponenda
1872 1212 2137 1269 Menippeae
2169 1210 2382 1255 hilaritati
2413 1206 2677 1266 philosopha

223 1297 446 1344 scribendi
474 1296 672 1349 ratione,
712 1294 952 1340 offensioni
985 1302 1090 1340 sunt
1127 1290 1549 1344 verba-tiovvdewic
1578 1295 1743 1351 posita:
1806 1292 2088 1348 „Menippum
2119 1289 2304 1343 imitati,
2343 1302 2433 1332 non
2463 1288 2677 1342 interpre-

223 1377 350 1428 tatia,
369 1375 530 1434 quibus
550 1355 749 1431 cogimur
768 1387 942 1418 omnem
971 1375 1197 1430 cogitandi
1227 1374 1424 1430 vigorem
1446 1381 1705 1416 convertere
1736 1373 1781 1415 in
1812 1372 2077 1415 sententiam
2109 1370 2349 1422 admodum
2376 1367 2536 1418 levem,
2560 1378 2677 1421 quae

221 1454 414 1505 fortasse
441 1462 538 1496 erat
566 1467 645 1496 cur
682 1453 979 1510 adjiceretur,
1016 1467 1107 1495 non
1136 1467 1215 1495 cnr
1243 1454 1391 1508 priore
1422 1452 1522 1495 loco
1551 1459 1805 1507 poneretur.
1866 1452 1981 1500 Quis
2011 1451 2127 1492 enim
2157 1461 2383 1503 unquam,
2423 1446 2495 1488 cui
2530 1444 2680 1499 legere

222 1534 349 1579 licuit
375 1532 612 1587 Menippea
641 1531 743 1584 illa,
783 1532 829 1574 in
858 1544 955 1574 eam
984 1544 1034 1574 se
1063 1531 1298 1574 contulerit
1327 1532 1607 1585 opinionem,
1646 1539 1695 1573 ut
1724 1530 1923 1585 Menippi
1953 1529 2111 1584 Cynici
2148 1527 2305 1570 nescio
2341 1539 2455 1582 quos
2485 1525 2624 1567 libros
2656 1537 2682 1564 a

225 1612 430 1655 Varrone
458 1610 503 1652 in
532 1609 716 1652 latinum
747 1622 995 1653 sermonem
1026 1609 1268 1652 translatos
1296 1622 1400 1652 esse
1439 1608 1644 1664 putaret-3
1701 1607 1877 1652 Deinde
1916 1608 2124 1651 notiones
2160 1604 2492 1648 hilaritatis
2522 1610 2567 1645 et
2590 1603 2682 1659 ju-

222 1688 568 1740 cunditatis,
600 1686 748 1731 soluto
777 1699 831 1730 eo
861 1700 950 1744 quo
981 1688 1246 1745 conjunctas
1274 1686 1417 1730 fuisse
1437 1687 1650 1742 ‚oportuit
1679 1686 1885 1739 vinculo,
1925 1699 2047 1729 nunc
2083 1684 2200 1727 male
2238 1685 2286 1726 in
2323 1683 2529 1726 diversas
2559 1681 2683 1724 locos

224 1768 438 1826 disjectae
476 1773 595 1809 sunt.
663 1764 838 1813 Quibus
876 1767 1012 1808 rebus
1050 1765 1284 1823 diligenter
1320 1767 1579 1822 perpensis,
1619 1765 1827 1809 Ciceroni
1867 1765 2145 1808 restituenda
2182 1777 2286 1807 esse
2325 1763 2517 1806 arbitror
2549 1760 2683 1804 haec:

219 1846 302 1891 „Et
329 1852 474 1890 tamen
504 1844 670 1890 inillis
706 1845 932 1889 veteribus
963 1844 1156 1897 nostris,
1195 1858 1311 1902 quae
1351 1845 1671 1903 Menippum
1708 1844 1894 1896 imitati,
1936 1858 2023 1903 quo
2064 1843 2241 1889 facilius
2279 1844 2426 1887 minus
2465 1842 2583 1886 docti
2620 1842 2683 1884 in-

217 1925 469 1983 telligerent
491 1923 774 1982 Jucunditate
803 1924 995 1980 quadam
1026 1924 1082 1967 ad
1112 1916 1347 1980 legendum
1376 1924 1568 1976 invitati,
1601 1948 1649 1956 —·
1684 1937 1773 1968 non
1805 1924 2079 1980 interpretati
2118 1947 2163 1956 —-
2205 1923 2444 1981 quadam
2481 1920 2683 1965 hilari-

215 2010 335 2048 tate
363 2003 716 2059 conspersimus‚
750 2001 887 2047 multa
917 2002 1107 2046 admista
1136 2016 1194 2050 ex
1224 2003 1379 2048 intima
1408 2003 1705 2060 philosophia,
1736 2003 1874 2047 multa
1903 2004 2024 2047 dicta
2054 2002 2311 2054 dialectice,
2342 2015 2457 2060 quae
2486 2001 2534 2045 in
2569 2000 2683 2044 Lau-

164 2143 169 2144 ?
222 2083 504 2133 dationibuS,
532 2082 578 2125 in
616 2081 689 2125 his
727 2081 840 2137 ipsis
882 2082 1207 2138 Antiquitatum
1238 2083 1462 2138 prooemis
1503 2082 1914 2139 philosophice
1951 2083 2148 2127 scribere
2186 2082 2437 2135 voluimus;
2477 2082 2515 2123 si
2551 2080 2683 2124 modo

201 2156 461 2224 ‘consecuti
491 2173 689 2204 sumus«.
729 2184 785 2196 -v
826 2159 974 2204 Verba
1004 2161 1120 2205 enim
1162 2175 1278 2218 „qno
1307 2159 1486 2207 facilius
1526 2186 1575 2194 —
1618 2163 1892 2205 invitati«
1935 2171 2168 2219 postquam
2208 2168 2388 2217 propter
2426 2172 2685 2215 expressam

229 2242 467 2284 verborum
505 2234 711 2282 imitati
753 2245 796 2281 et
835 2224 1072 2283 invitati
1107 2239 1443 2290 ,similitudinem
1482 2242 1770 2293 exciderunt,
1819 2255 1876 2284 ex
1917 2242 2138 2298 margine,
2177 2241 2223 2283 in
2262 2253 2350 2296 quo
2388 2252 2509 2282 more
2549 2238 2685 2282 solito

229 2321 423 2375 ascripta
450 2326 605 2370 erant,
643 2319 689 2360 in
728 2331 825 2362 eam
865 2330 997 2373 quam
1036 2331 1157 2363 nunc
1195 2326 1347 2365 tenent
1384 2320 1536 2363 sedem
1573 2320 1689 2363 male
1727 2320 1850 2364 illata
1886 2327 2006 2370 sunt,
2044 2331 2176 2374 quam
2216 2331 2269 2360 eo
2306 2317 2486 2373 facilius
2516 2317 2684 2374 aliquis

230 2393 394 2441 veram¹
414 2409 517 2440 esse
554 2403 714 2453 putare
743 2402 939 2451 poterat,
972 2396 1091 2455 quod
1121 2395 1232 2444 nihil
1259 2396 1535 2455 frequentius
1564 2399 1681 2453 apud
1712 2397 1972 2443 Ciceronem
2003 2406 2073 2441 est
2101 2397 2176 2445 illa
2205 2397 2493 2441 relativarum
2525 2411 2686 2440 vocum

232 2477 568 2535 conjunctione:
607 2467 773 2532 quae,
814 2488 936 2531 quo.
996 2474 1201 2521 Ceterum
1239 2475 1641 2532 philosophice
1681 2477 1940 2521 scribere
1971 2490 2113 2533 aeque
2141 2476 2327 2523 latinum
2358 2491 2462 2522 esse
2491 2478 2683 2520 arbitror

233 2568 288 2599 ac
317 2543 625 2597 dialectice
656 2554 882 2605 dicere,
905 2553 1021 2610 quod
1051 2554 1093 2598 si
1122 2554 1194 2601 cui
1224 2554 1371 2600 minus
1401 2554 1743 2601 Ciceronianam
1773 2569 1874 2597 esse
1906 2556 2145 2608 videbitur,
2179 2558 2219 2597 is
2248 2564 2439 2611 reputet,
2470 2555 2687 2598 Varronis

231 2632 344 2677 haec
372 2645 450 2676 ore
479 2640 523 2676 et
550 2631 762 2684 fortasse,
793 2635 910 2689 quod
941 2645 1076 2689 supra
1106 2633 1344 2690 tetigimus,
1376 2647 1497 2682 more
1517 2635 1798 2690 pronuntiata
1826 2648 1951 2685 esse3
1981 2634 2314 2692 philosophiae
2344 2643 2492 2678 autem
2522 2644 2571 2678 ut
2602 2645 2685 2678 ter·

231 2713 323 2756 tius
342 2724 477 2756 casus
508 2712 582 2765 sit,
614 2712 735 2768 quod
765 2711 862 2768 ipse
889 2710 1131 2769 aliquando
1161 2713 1374 2771 probavi,
1405 2727 1432 2759 a
1462 2711 1693 2758 Ciceronis
1725 2715 2047 2761 consuetudine
2077 2728 2265 2769 prorsus
2294 2714 2535 2760 abhorrere
2569 2729 2689 2758 nunc

233 2791 517 2848 perspexisse
536 2790 652 2838 >mihi
682 2790 851 2836 videor.
902 2791 996 2838 Nec
1024 2799 1169 2838 tamen
1189 2804 1406 2851 repugno,
1435 2792 1474 2836 si
1507 2792 1607 2854 quis
1635 2794 1867 2850 pristinam
1898 2794 2137 2839 verborum
2169 2808 2197 2838 a
2227 2808 2295 2838 me
2316 2796 2688 2851 transpositorum

181 2867 185 2868 ⁷
236 2870 388 2915 sedem
418 2877 496 2914 aut
524 2877 627 2927 post
656 2871 854 2913 »nostris
881 2883 1043 2928 quaese,
1072 2880 1150 2916 aut
1179 2872 1639 2929 post-„interpretatia
1671 2882 1747 2916 aut
1778 2874 1968 2931 denique
1998 2882 2100 2930 post
2131 2876 2518 2931 »conspersimus«
2545 2873 2689 2919 fuisse

234 2950 498 3002 contendat,
551 2963 817 3007 quamquam
868 2949 1081 2997 facillima
1127 2965 1182 2996 ea
1232 2966 1363 3012 quam
1414 2954 1727 3011 proposuimus
1780 2955 2046 2997 emendandi
2093 2956 2208 2998 ratio
2257 2957 2433 2999 videtur
2479 2969 2582 2999 esse
2628 2958 2688 3013 ⁶).

389 3075 421 3128 ‘)
445 3073 647 3119 Oeblerus,
677 3076 738 3120 qui
769 3076 967 3112 novissime
998 3075 1045 3112 de
1075 3074 1146 3114 hoe
1179 3075 1264 3115 loco
1295 3077 1506 3124 disputavit,
1539 3089 1574 3124 p.
1609 3079 1665 3114 74.
1690 3089 1780 3114 sana
1812 3090 1895 3113 esse
1919 3079 2034 3115 verba
2072 3085 2172 3114 ratus
2204 3078 2342 3115 haecce
2366 3087 2590 3117 commentus
2617 3086 2691 3116 est:

443 3131 561 3170 „Male
587 3130 683 3166 hunc
707 3132 828 3168 locum
852 3132 1056 3170 hahuerunt
1079 3132 1240 3171 editores
1263 3141 1374 3179 atque
1398 3137 1633 3181 interpretes,
1666 3137 1771 3183 cujus
1795 3142 1978 3171 structura
2012 3137 2097 3171 licet
2121 3137 2231 3183 paulo
2255 3139 2306 3183 (ἓ)
2341 3138 2610 3174 incommodior
2635 3140 2693 3183 sit,

444 3195 563 3228 tamen
588 3187 678 3224 satis
701 3194 863 3234 apertam
887 3189 939 3234 (ἲ)
963 3190 1177 3231 sententiam
1194 3193 1346 3238 praebet
1371 3193 1480 3229 hanes
1503 3201 1647 3242 *mquae
1671 3205 1743 3238 quo
1770 3194 1912 3229 facilius
1936 3196 2051 3230 minus
2076 3194 2175 3229 docti
2193 3195 2436 3242 intelligerent
2459 3203 2502 3231 et
2522 3196 2691 3242 jucundi-

442 3249 517 3280 tate
543 3244 696 3290 quadam
721 3244 768 3279 ad
793 3244 984 3291 legendum
1016 3245 1354 3291 invitarentur,
1378 3249 1501 3283 inter
1525 3249 1774 3293 laudationes,
1801 3251 1847 3292 (h.
1876 3263 1908 3288 e.
1933 3251 2111 3286 dictorum
2136 3250 2388 3298 factorumque
2406 3254 2691 3290 memorabilium

443 3300 634 3345 frequente
658 3298 843 3336 mentione
861 3298 992 3344 illata)
1016 3312 1110 3347 quae
1135 3304 1238 3350 ipsae
1262 3310 1430 3351 tanquam
1457 3307 1645 3352 prooemia
1669 3308 1916 3353 antiquitatum
1941 3307 2120 3354 appellari
2145 3314 2312 3356 possunt,
2337 3308 2404 3355 [cf.
2431 3321 2465 3357 p.
2492 3309 2563 3354 78.J
2588 3309 2637 3355 (h.
2658 3321 2690 3345 e.

447 3357 582 3402 quibus
604 3359 694 3404 ipsis
718 3359 922 3405 antiquaria
944 3358 1065 3397 studia
1089 3360 1268 3406 nituntur)
1296 3361 1552 3409 philosophiae
1578 3364 1609 3399 h.
1637 3376 1666 3399 e.
1694 3365 1741 3401 ad
1765 3364 2013 3404 illustrandam
2038 3366 2309 3416 philosophiam
2334 3374 2370 3403 et
2393 3367 2441 3404 ad
2464 3367 2584 3404 studia
2610 3368 2690 3417 ejus

446 3415 748 3461 commendanda)
772 3417 936 3463 scribere
959 3417 1185 3458 voluimus&
1210 3425 1317 3458 σεεμ(
1366 3420 1460 3459 Vide
1483 3421 1590 3456 etiam
1615 3433 1649 3472 p.
1675 3421 1731 3459 85.

2252 3470 2281 3516 3
