2940 3661
1452 41 1460 49 ι

1298 100 1368 113 -
1418 73 1487 127 w
1538 99 1607 114 -

170 289 179 295 ι
214 229 500 284 sententiam,
532 221 624 288 qua
651 228 830 274 animus
856 228 1081 274 humanus
1108 229 1157 273 in
1185 229 1335 287 ignem
1363 228 1637 284 aethereum,
1666 227 1790 275 unde
1816 229 2080 289 huntus
2096 193 2253 290 ubet,
2263 197 2415 281 rodino
2433 232 2690 298 Μ
2759 215 2765 217 ⁸
2794 292 2804 299 .

217 308 369 354 Varro
407 310 540 354 etiam
578 309 625 352 in
655 308 845 367 Cygno,
882 312 988 366 περὶ
1014 310 1161 367 ταφῆς
1198 308 1262 374 ita
1298 309 1478 353 ridetur
1514 297 1791 365 explicasse,
1829 317 1881 354 ut
1918 309 2070 358 luctu·
2093 312 2323 359 inmodid
2346 316 2690 369 m

217 388 355 432 simul
393 385 754 444 reprehenderet.
816 381 903 432 Cui
933 387 1127 432 Saturae
1164 401 1245 431 cur
1274 386 1422 444 Cygni
1458 400 1623 431 nomon
1660 387 1976 445 inscripserit,
2004 368 2210 451 apertum
2245 398 2319 437 est
2353 404 2414 438 ex
2448 392 2541 447 liu,
2563 407 2691 469 quus

217 465 381 529 Cicero
410 467 545 510 tradit
574 465 712 509 Tusc.
745 466 780 519 l,
818 465 893 511 30.
922 473 973 510 ut
1001 468 1155 524 cygni,
1185 467 1261 524 qui
1292 468 1383 511 non
1413 467 1515 510 ‘sine
1542 479 1683 511 causa
1712 466 1910 524 Apollini
1949 467 2086 512 dicati
2115 469 2235 521 siut,
2272 472 2354 515 ud
2383 472 2503 530 quod
2540 473 2601 519 ab
2631 487 2689 528 eo
2710 517 2723 523 ,
2761 527 2763 530 Ι

218 545 540 589 divinationem
567 543 736 589 habere
764 545 1021 598 videantur,
1051 559 1160 603 qua
1199 546 1603 602 providentes,
1642 547 1779 604 quid
1819 548 1874 590 in
1915 554 2092 591 morte
2121 547 2261 592 boni
2293 550 2396 603 sit,
2425 565 2527 596 euin
2553 559 2689 598 contu

217 634 263 669 et
295 624 523 680 voluptate
553 625 827 677 moriantur,
864 626 952 670 sic
989 625 1255 670 omnibus
1295 625 1465 670 bonis
1503 634 1557 670 et
1593 625 1786 670 doctis
1824 624 2164 671 faciendum.
2177 642 2201 665 α
2265 627 2368 672 Vid.
2399 629 2529 673 Serv.
2561 630 2690 689 virg.

217 704 332 749 Aen.
365 704 397 748 l.
427 703 525 750 397.
558 702 614 748 cf.
646 702 858 761 Ungerns
888 705 946 749 de
975 704 1136 749 Aemil.
1167 704 1284 749 Mac
1327 719 1368 761 p.
1398 706 1440 749 4.
1481 704 1613 749 Anal
1657 704 1766 750 Crit.
1806 719 1849 762 p.
1880 706 1951 751 46.
2001 707 2117 750 adde
2150 695 2384 752 Marciam-
2408 707 2449 765 §-
2485 710 2558 755 26.
2616 710 2692 755 Ti'-
2750 706 2758 717 ⁸

215 782 360 828 tulum
391 790 539 828 autem
567 783 688 829 hunc
716 785 773 828 ab
805 783 995 828 Alexide
1024 785 1195 829 comico
1222 793 1357 840 poeta
1384 784 1559 838 (Athen
1589 785 1665 828 Xl.
1697 800 1738 841 p.
1772 787 1870 829 ⁴72.
1892 787 1976 842 A.)
2036 786 2285 830 Varronem
2314 794 2563 834 mutuatum
2586 802 2690 834 esse

216 861 383 908 Junius
421 870 596 914 monet3
635 863 729 907 vid.
763 863 1003 908 Animadv.
1034 865 1081 907 in
1111 864 1240 908 Grut.
1280 864 1434 920 Lamp.
1475 864 1526 907 Τ.
1567 864 1645 908 lv.
1680 880 1723 921 p.
1764 866 1864 910 469.
1934 866 2083 922 lpsum
2121 864 2240 910 enim
2277 868 2413 912 animi
2450 868 2691 914 ascensum

216 943 412 988 describi
443 952 551 999 puto
581 944 734 988 verbis
763 958 790 987 a
820 943 968 988 Nonio
1000 947 1219 988 servatis:
1251 943 1386 998 „Tua
1414 945 1580 1001 templa
1618 947 1676 989 ad
1705 947 1798 990 alta
1827 946 1971 990 Phani
2012 948 2105 1001 (sic
2143 947 2246 990 Ald.
2285 948 2345 991 al.
2383 948 2500 1004 fani)
2534 941 2690 1007 prope*-

217 1037 326 1067 rans
355 1024 473 1067 citus
502 1024 667 1067 itere.“
727 1023 777 1066 ln
808 1024 974 1079 quibus
1003 1024 1155 1067 verbis
1185 1025 1292 1081 quid
1322 1025 1383 1067 sit
1414 1024 1593 1067 Phani
1631 1025 1707 1067 vel
1736 1025 1830 1068 sani
1860 1039 1990 1069 nemo
2019 1026 2192 1077 attulit;
2230 1034 2352 1071 certe
2388 1027 2511 1071 illius
2550 1027 2691 1073 Phuni

216 1103 401 1154 mentio,
432 1116 566 1160 quam
599 1102 768 1158 Popma
799 1102 1040 1157 inchoavit,
1072 1103 1181 1146 nihil
1210 1104 1359 1157 habet,
1390 1118 1479 1162 quo
1509 1107 1858 1150 commendetur.
1903 1105 2198 1150 scribendum
2227 1119 2333 1151 esse
2357 1115 2486 1165 puto:

194 1176 205 1188 ‘
630 1180 731 1226 Tua
761 1183 928 1238 templa
957 1184 1013 1226 ad
1044 1184 1137 1227 alta
1168 1183 1345 1228 Phanes
1376 1186 1626 1240 properans

635 1262 764 1306 Cinis
794 1263 968 1307 itere...

218 1340 420 1385 Phanota
451 1349 599 1385 autem
629 1341 722 1385 noli
753 1341 877 1384 illum
910 1341 1332 1396 Neoplatonicorum
1370 1342 1620 1399 intelligere
1660 1344 1791 1386 deum
1842 1357 1898 1385 ex
1928 1345 2155 1388 mundano
2184 1357 2272 1388 ovo
2301 1351 2583 1402 procreatum
2618 1347 2696 1401 (de

218 1436 308 1476 quo
338 1421 431 1463 vid.
462 1420 722 1465 Lobeckius
753 1421 856 1477 Agl.
889 1436 929 1476 p.
961 1422 1059 1465 478.
1103 1423 1220 1464 Add.
1253 1423 1423 1464 Nicom.
1457 1421 1616 1463 Geras.
1647 1435 1717 1478 ap.
1752 1421 1959 1464 Photium
1991 1436 2034 1478 p.
2071 1424 2163 1468 143.
2186 1431 2230 1467 et
2252 1424 2346 1469 145.
2394 1425 2694 1481 Nonnnsnlx,

223 1502 319 1543 15⁷.
351 1500 450 1551 xn,
482 1500 554 1543 34.
588 1501 724 1550 XlX,
762 1502 900 1555 205.)
941 1502 1020 1542 sed
1062 1502 1213 1556 ipsum
1252 1501 1409 1542 solem.
1469 1501 1668 1543 Mam-ob.
1711 1501 1808 1543 Sat.
1841 1501 1874 1553 l,
1923 1503 1984 1544 17.
2025 1514 2069 1558 p.
2099 1501 2200 1546 291.
2233 1502 2364 1548 »item
2395 1502 2594 1549 Phanota
2622 1517 2697 1562 ap-

219 1579 391 1637 pellant
420 1579 657 1637 (plerique
687 1581 864 1637 solem)
895 1575 990 1623 ἀπὸ
1031 1582 1112 1622 τοῦ
1143 1583 1391 1639 φαίνειν“;
1431 1593 1547 1638 quae
1575 1580 1720 1638 ipsius
1751 1579 1985 1626 Cleanthis
2014 1581 2219 1627 doctrina
2246 1580 2425 1627 videtur
2453 1596 2580 1637 esse.
2620 1586 2695 1642 qui

220 1661 307 1702 soli
340 1660 580 1714 plurimum
611 1662 790 1711 tribuit,
831 1668 875 1702 et
913 1662 988 1714 qui
1031 1673 1059 1701 a
1090 1660 1319 1702 Macrobio
1359 1660 1407 1701 in
1436 1660 1592 1703 eadem
1620 1672 1671 1700 re
1711 1659 1864 1715 paullo
1904 1666 2008 1701 ante
2037 1659 2248 1703 laudatus
2278 1668 2362 1703 est.
2424 1660 2581 1705 Possis
2610 1677 2698 1721 ¹pro

220 1738 401 1782 Phanes
429 1739 564 1782 etiam
596 1740 795 1782 scribere
826 1739 1062 1791 Phaenom
1104 1740 1286 1781 Saturni
1326 1741 1445 1782 enim
1484 1739 1683 1781 circulus
1721 1739 1907 1782 ultimus
1946 1740 2060 1782 coeli
2099 1747 2193 1793 est,
2234 1740 2350 1783 ultra
2378 1754 2509 1797 quem
2548 1755 2699 1786 „mun-

220 1819 339 1861 dana
371 1817 609 1873 perfectio«
642 1818 877 1870 (Marcian.
918 1818 957 1874 §.
1002 1817 1135 1872 733.)
1176 1831 1263 1875 qno
1303 1819 1483 1874 optimis
1522 1819 1761 1874 pervenire
1799 1817 1919 1860 licet.
1987 1818 2236 1875 Quod-qui
2275 1820 2482 1862 statuerit
2520 1819 2699 1865 habebit

220 1911 405 1941 versum
438 1896 808 1947 Galliambicum,
845 1911 978 1953 quem
1009 1897 1196 1954 agnovit
1226 1896 1509 1940 Hermannus
1538 1895 1594 1939 D.
1627 1894 1676 1938 Ε.
1710 1895 1769 1938 Μ.
1803 1911 1843 1952 p.
1876 1896 1975 1941 506.
2036 1897 2126 1939 Sed
2157 1898 2302 1953 magis
2330 1897 2476 1953 placet
2506 1897 2696 1944 Phanes.

177 2003 181 2039 5
221 1977 293 2022 De
321 1991 371 2020 re
401 1984 566 2029 autem,
599 1990 734 2033 quam
763 1976 835 2019 his
865 1977 1118 2032 tetigimus,
1151 1976 1438 2033 plenissime,
1477 1989 1744 2032 quamquam
1774 1977 1946 2019 omisso
1978 1975 2208 2019 Marciano
2249 1975 2473 2031 Capella,
2497 1981 2575 2036 qui
2606 1979 2697 2034 plu-

170 2050 177 2081 s
220 2058 383 2101 rimum
423 2056 597 2101 confert
639 2054 713 2099 his
752 2057 1095 2113 quaestionibus
1144 2056 1462 2113 expediendis,
1513 2056 1723 2099 tractavit
1766 2056 1837 2099 vir
1880 2056 2212 2099 eruditissimus
2256 2049 2387 2099 Thilo
2431 2057 2477 2100 in
2531 2057 2694 2113 Synes.

159 2130 161 2138 ’
220 2138 371 2191 hymn.
405 2136 454 2178 ΙΙ.
486 2135 615 2180 Halis
646 2136 774 2182 1842.
805 2161 862 2168 —
894 2135 1024 2179 Alios
1054 2135 1112 2178 de
1141 2135 1331 2179 naturali
1361 2148 1526 2192 genere
1555 2134 1682 2178 locos
1708 2133 1999 2190 philosophos
2028 2135 2074 2177 in
2102 2134 2208 2178 aliis
2228 2134 2408 2178 Saturis
2437 2145 2700 2191 persecutus

222 2224 309 2269 est,
344 2230 400 2260 ex
431 2216 596 2273 quibus
626 2230 762 2260 unam
794 2215 1009 2259 musicam
1041 2216 1246 2268 nomino,
1278 2215 1383 2258 inde
1412 2228 1440 2257 a
1472 2213 1728 2270 Pythagora
1766 2213 1972 2265 obscuris
2001 2214 2259 2259 reconditae
2287 2216 2536 2272 sapientiae
2565 2231 2698 2273 quae·

221 2298 450 2341 stionibus
487 2297 842 2340 adnumeratam.
909 2294 1054 2339 Varro
1094 2293 1210 2338 hanc
1247 2309 1339 2338 rem
1383 2293 1586 2351 pluribus
1624 2293 1738 2338 locis
1777 2303 1855 2338 aut
1895 2293 2152 2345 inchoavit,
2191 2302 2241 2337 ut
2278 2295 2326 2338 in
2356 2295 2618 2349 Tuberone,
2652 2298 2697 2341 in

221 2379 336 2422 libro
354 2377 654 2435 Logistorico,
686 2390 819 2434 quem
850 2376 905 2419 de
935 2375 1090 2419 liberis
1120 2375 1369 2419 educandis
1399 2374 1596 2431 scripsit,
1628 2389 1668 2430 p.
1700 2373 1782 2419 321
1808 2374 1924 2430 Bip.‚
1947 2373 1992 2416 in
2024 2372 2189 2417 Satura
2210 2372 2487 2420 Parmenone
2507 2390 2548 2431 p.
2579 2377 2696 2431 299„

223 2465 301 2501 aut
331 2457 509 2513 plenius
538 2456 769 2509 tractavit,
803 2462 853 2498 ut
881 2456 928 2498 in
959 2455 1073 2498 libro
1104 2454 1320 2512 singulari
1353 2454 1409 2497 de
1440 2453 1618 2498 Musica
1646 2452 1812 2510 scripto
1845 2450 1923 2509 (cf.
1943 2450 2220 2497 Ritschelius
2251 2452 2307 2497 de
2338 2452 2469 2497 Varr.
2502 2455 2696 2512 discipli.

223 2553 265 2595 p.
309 2539 377 2583 10.
419 2541 523 2594 sq.).
593 2536 788 2593 Insignis
827 2544 975 2580 autem
1016 2535 1297 2579 illustrandis
1334 2534 1469 2578 rebus
1505 2533 1695 2578 musicis
1735 2533 1901 2578 Satura
1939 2532 2117 2576 videtur
2149 2530 2320 2584 fuisse,
2360 2535 2433 2577 cui
2472 2535 2703 2591 inscripsit

216 2613 358 2666 Ὄνος
388 2612 540 2673 Δύρας
569 2629 611 2673 p.
642 2615 742 2661 296.
802 2614 870 2659 Ex
901 2628 991 2674 qua
1021 2615 1173 2659 dubito
1203 2627 1262 2658 an
1292 2612 1551 2657 Marcianus
1579 2611 1797 2666 hauserit,
1830 2625 1945 2674 qnae
1972 2611 2009 2668 ξ.
2042 2609 2128 2655 723
2157 2623 2256 2668 sqq.
2289 2612 2422 2657 tradit
2450 2613 2528 2668 (cf.
2554 2614 2699 2659 Varro

219 2712 265 2755 p.
297 2696 397 2742 296.
458 2696 560 2739 Non
589 2708 631 2741 v.
663 2693 840 2752 frigere.
881 2709 922 2750 p.
962 2695 1061 2738 297.
1124 2694 1223 2737 Non
1263 2708 1304 2737 v.
1345 2706 1576 2746 mansues,
1617 2706 1718 2736 cum
1759 2675 1924 2749 quibus
1963 2688 2177 2735 convenit
2213 2685 2378 2737 versus
2416 2706 2444 2735 a
2474 2692 2699 2737 Meinekio

222 2777 253 2820 l.
286 2777 315 2819 1.
347 2777 585 2820 restitutus
617 2774 821 2818 Parmen.
855 2789 882 2831 p
924 2774 1023 2819 299.
1085 2773 1185 2817 Non
1226 2787 1269 2816 v.
1309 2786 1415 2817 acre
1452 2780 1496 2817 et
1535 2773 1759 2827 castum);
1799 2757 2066 2828 quamquam
2106 2784 2222 2827 quae
2249 2771 2285 2826 §.
2317 2771 2415 2816 928.
2448 2772 2503 2815 de
2538 2773 2701 2817 insulis

433 2944 544 2979 thone
569 2944 625 2978 bis
650 2946 799 2979 versibu
778 2956 821 2979 us
845 2944 936 2979 dixit
960 2956 997 2990 p.
1021 2944 1120 2979 261..
1148 2943 1265 2988 „Nequ
1257 2955 1303 2978 ue
1326 2953 1419 2978 auro
1442 2948 1504 2977 aut
1526 2952 1662 2988 genere
1686 2948 1750 2976 aut
1773 2941 1963 2988 multiplici
1988 2943 2145 2977 scientia
2169 2940 2344 2977 Sufflatus
2368 2942 2510 2987 quaerit
2532 2941 2700 2980 Socratis

434 3000 642 3047 vestigia«
667 3012 749 3037 cum
774 3000 908 3046 quibus
933 3012 973 3035 es
956 3007 988 3035 st
1013 3001 1112 3046 qnod
1138 3001 1266 3037 cronfe
1267 3007 1348 3036 atur
1371 3000 1583 3036 Marcianus
1609 3000 1639 3046 ἓ.
1666 2999 1744 3034 578.
1771 2998 1893 3044 Kopp.
1919 2998 1967 3033 de
1990 3009 2063 3044 quo
2096 3000 2181 3035 loco
2208 3010 2292 3034 mox
2321 2999 2577 3070 explicabitur.
2624 3000 2698 3048 Op-

434 3070 521 3109 time
548 3074 670 3106 autem
695 3067 843 3106 videtur
867 3069 1013 3106 Saturis
1039 3069 1190 3106 inscribi
1217 3070 1315 3116 quod
1340 3069 1472 3105 multos
1498 3067 1608 3105 babet
1632 3067 1858 3122 explicatus,
1885 3074 1922 3103 ut
1946 3067 2079 3104 sactum
2106 3069 2143 3104 in
2168 3067 2448 3120 Aboriginibus,
2481 3067 2518 3102 in
2543 3051 2703 3109 ’Ἀλλος

436 3122 568 3178 οὗτος
590 3121 824 3186 Ηραλκῆς,
856 3139 893 3174 in
918 3138 1017 3183 aliis3
1044 3139 1151 3174 etiam
1177 3140 1212 3174 in
1230 3137 1532 3186 Endymionibus,
1557 3139 1619 3184 qui
1644 3137 1719 3173 libe
1699 3148 1740 3172 er
1762 3137 1842 3183 ipse
1867 3148 2014 3184 quoque
2038 3149 2083 3174 ex
2109 3136 2370 3185 philosophico
2395 3142 2608 3182 argumento
2632 3137 2700 3175 tuit

436 3203 556 3241 aptus.
605 3196 652 3232 cf.
684 3197 836 3234 'rei-tun.
870 3196 917 3233 de
948 3198 1080 3234 Anima
1113 3207 1144 3233 c.
1176 3196 1232 3233 56.
1266 3195 1469 3235 „dormitio
1501 3201 1627 3233 nostra
1658 3196 1727 3233 erit
1758 3216 1804 3224 —-
1837 3201 1900 3231 aut
1931 3196 2032 3232 circa
2063 3195 2184 3232 lunam
2218 3206 2298 3231 cnm
2332 3193 2701 3240 Endymionibus

434 3253 718 3290 Stoicorum.
727 3262 750 3283 κ
