2940 3661
2517 76 2534 85 t
2620 79 2642 94 ς
2709 72 2712 75 “

224 253 376 310 iguem
405 251 561 297 muudi
589 251 787 295 animum
816 249 949 308 facit,
985 258 1036 295 ut
1055 251 1291 312 perinde'
1276 266 1325 297 ιιι
1354 251 1524 297 mundo
1551 251 1672 310 iguis
1699 227 1852 297 omnia
1877 252 2097 310 gubernet
2122 253 2463 309 amanium
2476 256 2546 301 ιι
2551 255 2701 315 uqfls.

225 331 368 391 Atqui
398 330 657 375 vanissime.
718 329 833 374 Nam
863 344 967 374 eum
995 337 1091 385 est,
1122 330 1295 388 iuquit,
1320 331 1369 376 iu
1396 332 1557 387 uobis,
1586 332 1675 390 ipsi
1702 344 1889 385 sumus,
1924 345 2028 378 cum
2055 327 2168 387 exit,
2192 333 2478 383 amorim
2488 334 2649 395 Em
2651 344 2704 383 οι

223 412 363 468 Quis,
394 423 532 467 quum
561 410 619 454 de
646 410 813 454 mundo
843 423 923 467 per
949 409 1135 468 fulgura
1162 410 1483 467 proficiscitur,
1507 411 1704 456 muudus
1731 411 1963 460 emoritur
1959 415 1995 439 “
2052 410 2200 462 Quae
2212 415 2370 468 verba,
2394 422 2620 472 ιοιιηιιιι
2635 418 2700 464 ‚ab

224 491 402 540 Isidoro
433 489 595 551 Origg.
623 488 743 542 Vlll,
772 489 818 543 6,
848 489 917 534 21.
949 496 994 534 et
1023 489 1150 534 Beda
1177 489 1370 543 alieubi,
1400 491 1708 548 dubium-jam
1731 502 1824 536 uon
1861 499 2009 548 potest
2045 504 2173 545 ease,
2208 492 2703 552 idaquodoltiuehetto

226 570 412 615 dubium
439 567 548 620 fuit,
588 568 645 612 de
675 567 807 613 Varr.
839 567 1048 625 Discipll.
1079 583 1123 626 p.
1153 556 1243 623 aa,
1274 569 1385 627 quin
1414 570 1544 627 primi
1574 569 1845 615 Divinarum
1871 569 2004 624 iibri,
2042 570 2238 631 sortasse
2262 572 2703 631 etiam.XVl.·sslibri‚

226 663 317 694 nou
347 650 466 693 euim
497 648 664 706 liquet,
704 647 969 705 fragmentis
1008 649 1115 693 addi
1152 649 1414 694 debeantur.
1476 648 1685 708 Denique
1725 650 1969 708 Augustini
1999 652 2139 696 verba
2164 646 2377 710 adjiciam
2405 653 2702 709 (θνα-ΝΠ,
2722 660 2732 662 “

226 730 293 784 5.)
323 728 524 773 Stoicam
552 741 646 770 uon
677 728 957 770 Platonicam
979 728 1203 771 Varronis
1231 729 1479 772 doctrinam
1510 729 1749 785 perspicue
1772 729 2089 783 desoeibeutis,
2105 743 2261 789 -quum
2284 730 2432 788 ipsum
2453 730 2704 779 Varronem

228 831 279 841 —
311 806 562 851 delectatur
589 807 710 850 enim
738 806 825 850 hae
851 806 1127 864 apostrophe
1159 832 1211 839 -—-
1242 807 1490 866 alloquitur
1526 808 1624 852 his:
1664 807 1865 861 „Anima
1902 817 2051 855 tamen
2089 817 2166 855 tua
2203 818 2293 855 tam
2329 811 2466 856 docta
2499 818 2545 856 et
2581 812 2704 870 iuge-

225 888 384 938 niosa,
414 887 490 931 ubi
522 894 566 930 te
594 887 783 930 multum
813 887 1046 939 dolemus,
1076 901 1156 944 per
1184 887 1297 932 haee
1327 888 1543 944 mysteria
1572 889 1803 932 doctrinae
1830 889 1888 934 ad
1918 889 2051 934 deum
2077 902 2330 943 summum,
2359 891 2406 934 id
2433 898 2529 943 est,
2556 905 2587 935 a
2614 906 2704 948 quo

226 966 349 1009 faeta
386 972 484 1015 est,
522 979 614 1008 uon
653 979 754 1008 cum
796 979 885 1021 quo
926 965 1045 1009 facta
1083 974 1180 1017 est;
1217 979 1302 1009 nec
1340 967 1473 1023 cujus
1509 966 1682 1023 portio,
1720 967 1802 1010 sed
1840 967 1975 1027 cujus
2012 967 2217 1023 conditio·
2249 975 2342 1012 esti
2386 982 2472 1014 uec
2513 970 2591 1029 qui
2636 977 2707 1015 est

228 1043 428 1090 omnium
456 1042 624 1095 anima,
653 1043 735 1088 sed
765 1044 842 1101 qui
873 1043 978 1088 fecit
1001 1059 1183 1099 omnem
1213 1046 1405 1089 animam
1436 1070 1483 1080 -·-
1516 1046 1640 1088 nullo
1670 1048 1805 1090 modo
1834 1048 1979 1105 potuit
2008 1048 2293 1105 pervenire.“
2353 1049 2500 1099 Quam
2529 1049 2707 1108 laudem
2767 1103 2771 1105 λ

226 1125 319 1170 alio
347 1125 449 1177 loco
489 1123 565 1180 (C.
599 1123 653 1168 D.
686 1123 811 1175 xlx,
841 1126 937 1181 22.)
974 1139 1129 1180 parum
1160 1125 1328 1178 abfuit,
1370 1128 1478 1183 quin
1518 1128 1615 1182 ipse
1647 1127 1933 1183 Augustinus
1970 1129 2012 1171 ei
2052 1128 2319 1173 concederet
2354 1129 2533 1176 dicensi
2571 1114 2722 1186 „lpse'

228 1204 343 1250 deus
387 1211 459 1249 est
498 1205 732 1259 (verus),
774 1218 908 1261 quem
955 1205 1248 1248 doctissimus
1295 1205 1596 1267 Rom-norum
1644 1206 1789 1250 Varro
1832 1204 1992 1250 Jovem
2033 1213 2185 1264 putat,
2230 1209 2440 1267 quamvis
2482 1211 2708 1261 nesciens,

230 1286 338 1344 quid
368 1285 635 1342 loquatur.“
672 1306 720 1316 -

438 1364 508 1408 Ex
546 1364 605 1407 iis
647 1376 765 1421 quae
793 1363 1031 1422 hucusque
1061 1364 1391 1422 disputavimus
1428 1364 1720 1427 intelligitur,
1759 1366 1807 1409 iu
1836 1360 2066 1421 prooemio
2095 1366 2423 1424 Antiquitatum
2454 1366 2708 1412 divinarum

229 1457 304 1488 res
334 1457 392 1488 ex
421 1444 616 1487 maxime
646 1444 893 1488 reconditis
923 1444 1193 1487 naturalium
1223 1457 1372 1487 rerum
1403 1444 1545 1488 initiis
1574 1444 1762 1501 petitas,
1802 1457 1972 1502 easque
2011 1459 2102 1489 uon
2141 1452 2190 1488 ut
2228 1446 2274 1489 in
2313 1447 2483 1490 saturis
2512 1448 2709 1491 σπουοδο

228 1524 425 1577 γελοίως,
455 1524 537 1567 sed
566 1530 618 1566 ut
646 1524 692 1566 in
722 1522 857 1566 libris
883 1523 1178 1579 Logistoricis
1209 1536 1332 1567 more
1362 1530 1407 1566 et
1437 1525 1571 1566 modo
1601 1522 1973 1581 philosophorum
1999 1522 2148 1567 fuisse
2177 1525 2385 1580 scriptas
2426 1525 2545 1574 Quid
2576 1526 2712 1583 igitur
2767 1532 2781 1539 ‘

223 1604 321 1660 jam
352 1604 408 1648 de
439 1603 670 1659 prooemio
700 1602 1030 1658 Antiquitatum
1071 1601 1364 1646 humanarum
1405 1602 1687 1646 statuemus?
1749 1594 1852 1659 lpse
1882 1603 2001 1655 olim,
2032 1603 2316 1658 perlustratis
2353 1604 2412 1646 iis
2449 1594 2715 1661 fragmentis

231 1695 349 1739 quae
377 1681 468 1727 huc
495 1681 719 1739 pertinere
749 1681 1033 1734 viderentur,
1074 1695 1244 1726 memor
1282 1682 1500 1739 prooemii
1532 1682 1799 1726 Divinarum
1826 1682 2161 1726 occultissimas
2200 1684 2255 1726 de
2285 1684 2461 1727 animae
2491 1684 2712 1728 humanae

230 1771 393 1807 natura
432 1762 763 1820 disputationes
802 1763 1100 1813 continentis,
1139 1775 1238 1807 eam
1277 1763 1427 1807 auimo
1457 1760 1694 1811 informavi
1724 1763 2007 1819 opinionem,
2049 1762 2243 1806 Oehlero
2273 1777 2430 1820 parum
2462 1764 2711 1819 probatam,

231 1850 282 1888 ut
314 1842 564 1888 Varronem
596 1843 642 1886 iu
674 1843 906 1899 prooemio
926 1841 1242 1886 *Humanarum
1280 1856 1385 1886 ιιοιι
1410 1845 1561 1886 miuus
1600 1844 1779 1886 curiose
1818 1851 1863 1885 et
1890 1843 2114 1886 subtiliter
2144 1844 2199 1886 de
2229 1844 2434 1901 corporis
2461 1844 2712 1887 admirabili

227 1925 275 1968 vi
302 1938 362 1967 ac
391 1931 554 1966 natura
584 1922 852 1979 philosopha
881 1924 1055 1966 ratione
1085 1918 1512 1979 (ἂνθρωπρλόγως)
1543 1924 1692 1978 egisse
1723 1924 2036 1966 existimarem.
2100 1922 2183 1965 Cui
2214 1924 2465 1966 sententiae
2495 1936 2550 1965 ne
2579 1923 2712 1965 hodie

235 2003 415 2062 quidem
459 2003 634 2048 iteratis
680 2004 803 2047 curis
842 2001 985 2046 habeo
1030 2016 1147 2061 quae
1185 2002 1417 2046 detraham
1456 2009 1534 2045 aut
1573 2003 1748 2045 addam.
1811 2002 1963 2059 ltaque
2007 2002 2047 2045 si
2092 2003 2170 2059 qui
2213 2011 2320 2045 sunt
2364 2001 2518 2045 harum
2564 2016 2711 2046 rerum

232 2083 444 2136 studiosi,
476 2083 659 2127 videant
688 2082 934 2126 Commeut.
968 2083 1024 2125 de
1054 2082 1183 2126 Varr.
1217 2083 1401 2138 Antiqq.
1434 2096 1475 2138 p.
1509 2082 1577 2125 15.
1612 2107 1658 2112 —-
1694 2084 1739 2136 *)
2405 2127 2407 2129 ,

443 2162 535 2205 Sed
577 2175 651 2204 res
686 2161 783 2218 jam
824 2175 878 2204 eo
919 2175 999 2216 per
1037 2162 1171 2205 ducta
1209 2169 1305 2212 est,
1345 2169 1394 2203 ut
1433 2175 1533 2204 meo
1567 2161 1739 2217 judicio
1776 2161 1831 2202 de
1862 2160 2095 2203 Ciceronis
2125 2160 2224 2203 loco
2256 2161 2554 2217 pronuntiem.
2619 2160 2714 2203 Hoc

235 2250 385 2287 autem
425 2240 706 2286 intellexisse
746 2238 854 2283 mihi
899 2241 1078 2292 videor,
1118 2241 1239 2296 quod
1281 2241 1439 2283 Cicero
1478 2241 1534 2282 de
1576 2240 1795 2282 Varronis
1832 2240 1963 2282 libris
2003 2240 2283 2294 philosophis
2307 2242 2506 2296 judicat,
2547 2242 2712 2295 optime

239 2322 480 2366 convenire
520 2334 620 2363 cum
662 2320 747 2369 iis,
788 2333 904 2376 quae
952 2333 1088 2375 quum
1129 2319 1312 2362 aliunde
1353 2328 1444 2361 tum
1486 2332 1543 2361 ex
1582 2319 1695 2374 ipsis
1736 2318 1950 2361 librorum
1991 2320 2320 2374 deperditorum
2362 2318 2624 2376 fragmentis
2661 2321 2715 2362 de

237 2403 441 2446 Varrone
473 2399 784 2457 philosophiae
816 2400 1152 2442 studiosissimo
1184 2400 1445 2442 edocemur:
1480 2399 1728 2441 Varronem
1755 2400 1951 2441 studium
1975 2398 2303 2453 philosophiae,
2334 2400 2452 2455 quod
2476 2399 2715 2441 maximum

236 2492 279 2526 et
310 2482 525 2537 optimum
547 2494 709 2522 munus
741 2492 767 2520 a
800 2480 887 2520 diis
918 2478 1087 2520 homini
1121 2479 1272 2519 datum
1301 2491 1404 2520 esse
1434 2478 1735 2533 profiteretur,
1767 2478 1854 2520 sibi
1888 2478 1972 2533 ipsi
2005 2479 2255 2533 sumpsisse
2276 2479 2331 2520 ad
2355 2478 2715 2533 perdiscendum,

239 2563 296 2606 ad
336 2560 625 2605 scribendum
666 2584 715 2590 —
758 2567 893 2615 atque
933 2558 1037 2601 hinc
1074 2559 1364 2615 agnoscimus
1405 2557 1550 2600 virum
1593 2557 1756 2599 virtute
1789 2556 1992 2600 Romana
2025 2558 2271 2612 praeditum
2314 2583 2362 2588 —-
2403 2559 2490 2601 sibi
2522 2559 2715 2616 elegisse

234 2656 310 2687 res
341 2641 591 2692 Romanas,
635 2652 750 2695 quae
789 2647 891 2694 post
923 2638 1040 2680 Aelii
1071 2640 1238 2681 obitum
1270 2639 1382 2693 (vid.
1417 2637 1640 2692 Suringar
1672 2636 1784 2680 Hist.
1817 2638 1911 2680 crit.
1946 2636 2097 2680 Schol.
2131 2637 2182 2679 T.
2218 2637 2250 2687 l,
2283 2651 2323 2693 p.
2357 2639 2424 2681 41.
2457 2645 2501 2681 et
2534 2638 2714 2682 Heusde

238 2724 295 2765 de
329 2722 456 2765 Aelio
487 2719 662 2762 Stilone
694 2733 736 2773 p.
770 2719 873 2773 50.)
916 2732 1045 2761 nemo
1078 2719 1272 2761 doceret.
1335 2718 1381 2760 ln
1421 2718 1479 2760 iis
1518 2717 1677 2759 litteris
1707 2723 1854 2760 autem
1886 2716 2136 2760 Varronem
2169 2716 2348 2760 minime
2378 2730 2405 2761 a
2434 2716 2717 2774 philosophia

388 2876 426 2936 ⁰)
448 2879 573 2917 Multis
610 2879 703 2915 locis
746 2878 901 2915 edoctus
942 2879 978 2913 in
1018 2878 1193 2916 librorum
1234 2877 1346 2914 titulis
1387 2883 1424 2913 et
1454 2878 1491 2914 in
1525 2879 1684 2914 numeris
1718 2879 1850 2931 (cujus
1881 2877 1935 2912 rei
1960 2877 2103 2924 insigne
2135 2877 2340 2924 exemplum
2372 2888 2489 2923 nuper
2523 2878 2717 2924 proposuit

449 2937 637 2984 Ungerus
654 2936 700 2971 de
725 2937 881 2972 Aemilio
914 2937 1041 2972 Macro
1069 2949 1104 2983 p.
1127 2938 1179 2978 6.)
1212 2937 1366 2972 maxime
1389 2935 1600 2980 frequentes
1622 2945 1705 2970 esse
1730 2934 1984 2970 liberariorum
2008 2944 2173 2979 errores,
2205 2940 2315 2981 atque
2346 2935 2382 2970 in
2415 2935 2461 2971 iis
2486 2934 2718 2971 restituendis

450 2995 643 3031 audaciori
676 2992 913 3041 conjecturae
943 2994 1064 3030 locum
1098 2994 1273 3038 concedi,
1306 3004 1376 3040 ego
1409 2992 1553 3039 quidem
1586 2991 1646 3027 diu
1682 3004 1895 3039 persuasum
1927 2992 2048 3029 habeo
2080 2993 2118 3028 in
2149 2992 2272 3028 Servii
2300 2992 2362 3029 illa
2394 2996 2581 3028 notatione
2613 2994 2717 3033 (Aen

453 3052 651 3096 vll!‚‚56·¹
665 3053 699 3095 ):
723 3071 771 3079 -—
794 3050 997 3087 „Hercules
1023 3056 1264 3089 vocabantur.
1294 3051 1399 3088 Licet
1423 3061 1489 3086 eos
1515 3051 1631 3097 primo
1659 3049 1790 3087 XLlll.
1817 3049 1957 3095 (Codd.
1984 3061 2042 3097 ap.
2069 3049 2246 3101 Badium.
2273 3050 2311 3086 iu
2334 3036 2464 3087 xLlll.
2490 3050 2537 3085 al.
2556 3049 2717 3086 exult.

452 3118 489 3146 et
513 3109 665 3149 xmv.)
689 3110 996 3151 enumeraverim
1019 3110 1152 3144 latere:
1179 3109 1296 3155 primo
1322 3109 1426 3144 uum.
1457 3108 1527 3144 'Ut
1551 3119 1722 3144 numerus
1743 3108 1829 3144 libri
1856 3108 2036 3144 Varronis
2060 3107 2138 3155 jam
2164 3102 2361 3154 antiquitus
2392 3107 2572 3143 detortum
2604 3109 2651 3144 sit
2683 3109 2720 3144 in

454 3179 662 3211 numerum,
695 3178 768 3214 quo
801 3166 866 3201 illa
897 3165 1044 3201 fortium
1076 3167 1239 3202 virorum
1272 3177 1399 3201 manus
1430 3171 1653 3200 censeretur.
1703 3164 1804 3206 Quid
1834 3165 1936 3211 quod
1968 3166 2075 3201 etiam
2108 3164 2199 3201 haec
2223 3165 2387 3211 suspicio
2419 3164 2574 3200 animum
2604 3177 2719 3201 meum

456 3223 578 3268 subiit,
602 3225 637 3260 iu
663 3224 791 3260 eadem
816 3230 904 3259 nota
930 3235 1001 3259 una
1025 3224 1140 3259 latere
1163 3226 1282 3270 ipsum
1308 3223 1407 3258 illum
1435 3223 1597 3258 virorum
1622 3222 1769 3258 fortium
1794 3232 2001 3266 numerum,
2034 3223 2200 3268 quisquis
2223 3222 2310 3264 fuit,
2342 3231 2447 3266 quem
2481 3222 2601 3258 Varro
2634 3234 2719 3258 cou-
2772 3260 2777 3265 ,

456 3280 598 3321 fecerit.
646 3281 722 3317 Sed
745 3281 834 3318 talia
858 3280 1002 3318 facilius
1026 3281 1224 3328 sequimur,
1251 3291 1358 3328 quam
1383 3278 1612 3317 affirmamus.
