2940 3661
1323 149 1407 160 -.
1448 116 1633 175 η...

243 300 410 355 ⁸⁸3⁸·
404 299 650 340 aestatim,
672 284 832 330 ds·-
839 293 949 325 ase
973 279 1244 338 Neptno--
1248 295 1274 317 ⁸
1304 281 1348 336 ·)
1406 278 1606 324 Tertium
1642 279 1831 338 gradum
1868 279 2107 324 aethera
2145 280 2377 325 nominare
2416 281 2641 337 potuisset
2664 291 2714 328 et

236 364 707 425 mumius&
719 362 813 408 sie.
844 360 1070 407 »Tertiam
1089 372 1222 418 porro
1251 359 1507 414 aethera,
1537 372 1706 418 quem
1725 366 1771 403 et
1797 359 1994 414 animum
2014 360 2119 420 ejus
2140 375 2226 397 -α
2258 361 2339 404 sed
2360 360 2405 403 id
2428 359 2537 404 nihil
2559 360 2708 406 refert.

246 453 421 505 Anu
454 454 633 501 mn,
670 451 726 489 nt
758 449 924 501 puto,
934 441 1007 487 bis
1040 440 1194 498 posita
1222 453 1398 486 manum
1428 439 1772 485 emendatricem
1802 440 2044 485 movebant
2071 439 2265 485 hominis
2294 441 2562 486 sententiam
2593 442 2714 487 mals

244 515 590 589 tarnim&-
629 509 679 568 lu
708 522 909 582 margine
926 519 1142 565 editionis
1161 518 1301 565 Rasil.
1325 520 1451 573 1542,
1481 533 1571 579 qua
1598 527 1717 575 utor,
1749 520 1945 577 ascripta
1972 526 2042 564 est
2071 533 2153 577 pro
2185 520 2310 565 varia
2338 508 2550 574 lectione,
2579 534 2714 580 quam

178 591 182 593 Ἴ
243 605 470 668 reapse-
487 604 633 650 video
666 617 694 649 a
723 600 1005 648 Franekenio
1044 599 1073 644 l
1105 600 1153 644 1.
1165 614 1206 658 p.
1231 600 1365 652 ·.‚!oe
1402 599 1561 644 horum
1588 600 1826 644 verborum
1855 599 2171 657 paraphrasis,
2213 614 2356 658 quae,
2397 615 2534 659 quum
2565 600 2715 646 aliena
2759 606 2770 609 “

245 685 439 734 vemat
477 684 716 736 obtrudat,
751 688 911 726 nostra
949 679 1196 728 confirmat.
1256 679 1339 724 Est
1376 686 1523 723 autem
1561 677 1697 724 haec:
1736 677 1828 733 „aL
1869 679 2039 723 vocari.
2109 678 2226 723 Esse
2264 687 2414 723 autem
2453 681 2500 723 in
2545 681 2712 725 mundo

243 766 414 823 lapides
451 763 516 808 'ao
535 772 726 815 terram,
764 773 905 818 quam
930 759 1161 812 videmus,
1197 773 1287 817 quo
1315 772 1408 804 ιιοιι
1437 766 1666 816 permanat
1692 770 1885 809 sensus,
1923 765 1972 801 ut
2001 771 2137 809 ossa,
2177 765 2226 801 ut
2255 771 2433 814 ungues
2471 759 2543 802 dei
2581 760 2710 814 (sic).

244 846 396 903 Solem
425 856 562 898 vero,
600 842 780 891 hum,
819 839 1000 892 stellas,
1040 853 1157 896 quae
1186 840 1428 892 sentimus,
1468 838 1724 896 quibusque
1751 838 1850 893 ipse
1878 839 2014 881 sentit
2043 838 2204 892 (sic),
2246 850 2412 881 seusus
2450 849 2557 881 esse
2596 839 2711 895 ejus.

247 921 441 968 Aethera
478 934 616 978 porro
653 919 847 964 animam
885 919 1009 977 ejus.
1048 919 1181 976 cujus
1209 918 1328 970 vim,
1366 930 1483 975 quae
1511 917 1715 973 pervenit
1742 916 1787 959 in
1816 923 1966 968 astra,
2004 917 2145 973 ipsam
2175 930 2355 974 quoque
2385 916 2534 961 faeere
2575 918 2710 961 deos.

243 1011 290 1046 et
315 1014 396 1058 por
418 1003 559 1044 eam“
590 1023 638 1032 -
655 1030 666 1042 .
726 998 849 1043 Haeo
877 1000 1083 1054 ascripta
1101 1010 1207 1041 esse
1235 1011 1292 1040 ex
1319 1004 1466 1041 mente
1493 1009 1675 1046 eorum,
1714 995 1789 1051 qui
1820 995 2066 1039 doctrinam
2095 995 2242 1047 illam,
2276 1009 2365 1052 qua
2393 995 2530 1039 homo
2558 994 2712 1053 μιαρὸς
2765 1013 2769 1019 s

237 1076 411 1138 «depos
438 1092 543 1124 esse
566 1076 846 1131 dooebatur,
872 1090 1025 1134 puram
1055 1082 1207 1134 putam
1236 1075 1284 1120 in
1316 1073 1537 1119 Varronis
1567 1072 1694 1118 libris
1720 1086 1826 1118 esse
1854 1086 1944 1118 non
1975 1080 2061 1118 tam
2092 1074 2296 1118 viderent
2326 1087 2459 1133 quam
2489 1081 2709 1133 optarent,

245 1166 509 1218 persuasum
538 1157 698 1206 habeo.
730 1175 783 1191 -ι
815 1156 907 1202 Sed
939 1157 985 1201 in
1014 1155 1164 1203 auimo
1193 1154 1391 1200 humano
1419 1152 1674 1200 deliniendo
1704 1160 1824 1197 totus
1861 1167 2026 1209 paene,
2067 1162 2115 1197 ut
2145 1154 2266 1206 dixi,
2307 1153 2509 1199 Platonis
2548 1168 2599 1199 se
2638 1168 2711 1199 ac-

245 1239 541 1284 commodavit
561 1233 869 1295 'diseipliuae‚
909 1237 1028 1293 quod
1071 1235 1335 1293 intelligitur
1371 1249 1431 1278 ex
1469 1233 1623 1296 vqbis
1652 1248 1721 1290 ap.
1756 1234 1948 1291 August.
1982 1232 2077 1287 Vll,
2107 1233 2148 1277 6.
2181 1232 2327 1276 Varro
2355 1248 2400 1290 p.
2430 1234 2530 1278 223.
2562 1243 2607 1277 et
2637 1248 2707 1290 ap.

245 1317 434 1374 August.
468 1317 594 1368 XlX,
622 1304 678 1362 3(
709 1317 856 1372 Varro
895 1331 947 1375 p>
968 1315 1068 1360 334.
1109 1315 1283 1372 positis.
1344 1314 1477 1359 Unde
1513 1313 1808 1370 explicandus
1848 1312 1975 1356 locus
2012 1302 2163 1355 multis
2202 1314 2346 1356 modis
2384 1314 2626 1370 impeditus
2665 1316 2711 1357 in

245 1398 412 1449 Satura
431 1397 638 1440 Mutuum
667 1396 774 1440 muli
795 1396 988 1439 scabunt
1015 1409 1056 1450 p.
1076 1394 1179 1439 293.
1208 1394 1303 1438 hic:
1335 1392 1654 1448 „Grallatores
1681 1416 1750 1434 --.
1784 1393 1852 1436 sic
1881 1392 1946 1434 illi
1976 1391 2040 1446 (1ι.
2071 1405 2109 1435 ε.
2139 1392 2343 1436 homines
2371 1394 2448 1449 qui
2478 1394 2524 1435 in
2555 1393 2712 1449 grallis

243 1478 385 1532 stant)
415 1477 552 1520 animi
580 1476 722 1519 nostri
753 1483 882 1518 suut:
916 1474 1086 1531 grallae
1115 1487 1247 1517 crura
1275 1488 1330 1517 ao
1359 1474 1508 1530 pedes*
1525 1473 1693 1525 nostri,
1725 1486 1782 1515 ex
1810 1485 1862 1515 se
1891 1467 2119 1527 ἀκίνητοι,
2154 1473 2233 1515 sed
2266 1473 2323 1515 ab
2352 1473 2500 1515 animo
2530 1486 2711 1515 moven-

244 1564 331 1600 tur.
333 1560 371 1583 “
427 1555 476 1622 in
508 1554 670 1612 quibus
698 1555 852 1598 verbis
882 1553 1105 1597 Oehlerus
1143 1553 1247 1607 „sic
1282 1551 1425 1596 illae
1464 1553 1599 1596 animi
1638 1541 1781 1595 nostri
1821 1559 1926 1595 sunt
1959 1552 2181 1609 grallae‚“
2218 1553 2424 1596 scribe—ns
2461 1552 2617 1595 dubito
2655 1566 2712 1595 an

233 1634 506 1677 sententiam
547 1633 768 1677 Varronis
806 1634 1055 1676 turbaverit
1093 1633 1237 1688 magis
1274 1646 1409 1688 quam
1438 1632 1757 1676 emendaverit.
1819 1631 2079 1675 Doctrinam
2110 1639 2254 1675 autem
2286 1631 2432 1683 illam,
2462 1632 2711 1674 secundum

244 1726 379 1769 quam
406 1713 625 1766 permeari
655 1726 683 1753 a
711 1713 798 1754 deo
827 1726 985 1756 omnes
1015 1712 1168 1754 mundi
1197 1719 1350 1768 partes
1354 1699 1522 1755 Stoici
1552 1712 1785 1767 putabant,
1818 1710 1955 1763 (θεὸν
1985 1711 2104 1753 εἶναι
2134 1711 2314 1765 πνεῦμα
2344 1709 2498 1764 διῆκον
2526 1704 2580 1752 δι’
2605 1706 2710 1752 ohe

243 1791 324 1831 τοῦ
355 1785 575 1844 κόσμου),
614 1790 729 1832 male
756 1793 1054 1847 excogitatam
1083 1804 1212 1840 esse,
1252 1798 1300 1832 ut
1329 1804 1447 1845 quae
1476 1805 1630 1834 secum
1659 1792 1763 1846 ipsa
1791 1798 2036 1846 pugnaret,
2076 1792 2173 1846 ipse
2203 1789 2506 1831 Tertullianus
2544 1799 2710 1840 monet,

245 1870 302 1909 ad
335 1868 452 1910 Natt.
487 1868 540 1920 ll,
570 1870 611 1911 4.
653 1869 806 1911 verbis
843 1870 937 1911 his:
977 1869 1140 1921 „Ecce
1177 1871 1294 1912 enim
1331 1869 1455 1930 Zeno
1494 1883 1674 1928 quoque
1715 1871 1941 1912 materiem
1981 1870 2249 1912 mundanam
2289 1880 2317 1909 a
2357 1868 2440 1909 deo
2479 1872 2709 1924 separat‚“

243 1948 417 1989 ridendi
462 1961 627 2000 canusa,
679 1957 728 1992 ut
769 1962 855 2005 ego
900 1950 1077 2006 quidem
1121 1950 1338 2000 arbitror,
1391 1950 1563 1993 addens
1615 1950 1733 2004 „vel
1777 1962 1876 1992 eum
1922 1961 2003 2005 per
2046 1947 2168 1991 illam
2224 1955 2452 2004 tamquam
2497 1947 2586 1990 mel
2631 1961 2711 2005 per

243 2026 374 2070 favos
418 2027 635 2070 transisse
680 2028 837 2070 dicit.“
910 2027 1041 2077 Quod
1085 2028 1199 2070 idem
1226 2016 1290 2071 *in
1335 2028 1582 2071 Varronem
1627 2026 1870 2071 transferre
1904 2027 2035 2079 licet,
2085 2028 2161 2085 qui
2203 2040 2468 2084 quamquam
2509 2029 2565 2071 de
2604 2028 2709 2072 deo—

246 2120 341 2148 rum
374 2106 598 2163 animique
628 2106 809 2151 humani
848 2107 1090 2151 virtutibus
1130 2107 1365 2163 disputans
1405 2107 1634 2159 Platonis,
1672 2106 1983 2163 Empedoclis,
2023 2106 2213 2150 aliorum
2255 2107 2491 2163 usurpavit
2528 2106 2709 2162 placita,

244 2186 299 2228 de
330 2185 465 2229 animi
496 2164 643 2229 tamen
681 2194 840 2230 natura
881 2186 1044 2229 mundo
1082 2193 1127 2229 et
1166 2187 1342 2242 corpori
1381 2186 1677 2238 inhaerentis,
1714 2200 1806 2230 non
1844 2187 2126 2230 extrinsecus
2165 2185 2356 2243 adjecti,
2395 2186 2549 2229 dicens
2590 2186 2710 2230 Stoi·

244 2278 397 2308 oorum
436 2267 643 2322 vestigiis
682 2267 862 2310 insistit.
919 2265 1072 2309 Testis
1109 2274 1181 2309 est
1218 2265 1524 2311 Tertullianus
1561 2265 1634 2309 his
1674 2267 1755 2320 (ad
1798 2266 1913 2309 Natt.
1955 2265 2009 2316 ll,
2048 2266 2089 2309 2.
2119 2265 2245 2319 fin.):
2285 2264 2452 2318 „Unde
2485 2273 2531 2308 et
2562 2264 2709 2310 Varro

391 2499 424 2542 Ἴ
449 2497 495 2532 os.
525 2499 672 2539 August.
691 2498 723 2548 J.
749 2499 772 2534 l.
799 2511 832 2536 c.
857 2500 891 2536 5.
920 2499 1039 2534 Varro
1066 2510 1100 2544 p.
1125 2498 1203 2536 222.
1251 2501 1455 2546 „Antiquos
1480 2500 1677 2535 simulacra
1706 2498 1856 2534 deorum
1889 2505 1926 2533 et
1955 2499 2113 2544 insignia
2142 2505 2369 2545 ornatusque
2399 2502 2621 2538 confinxisse
2645 2504 2711 2548 (ait

449 2553 599 2604 Varro),
625 2564 719 2598 quae
744 2566 852 2600 quum
876 2554 994 2589 oculis
1019 2555 1361 2591 animadvertissent
1384 2556 1434 2600 hi,
1458 2557 1519 2601 qui
1542 2556 1706 2591 adissent
1729 2554 1921 2591 doctrinae
1945 2556 2132 2601 mysteria,
2160 2562 2313 2603 possent
2336 2558 2490 2593 animam
2516 2559 2639 2593 mnndi
2666 2572 2711 2595 ac

447 2616 570 2658 partes
594 2609 687 2657 ejus,
709 2610 748 2647 id
774 2618 830 2646 est
853 2612 946 2647 deos
970 2606 1099 2656 veros,
1125 2612 1247 2649 animo
1272 2612 1436 2650 videre-⁴.
1475 2613 1729 2650 Varronianae
1754 2613 1945 2649 doctrinae
1970 2613 2128 2660 vestigia
2151 2612 2331 2659 quaedam
2356 2615 2418 2651 vix
2443 2615 2557 2651 dubia
2581 2615 2709 2664 depre-

447 2667 621 2703 hendisse
643 2668 728 2704 mibi
754 2668 886 2705 videor
908 2669 946 2706 in
972 2669 1161 2707 Prudentii
1192 2671 1426 2706 carminibus.
1474 2671 1613 2708 Contra
1641 2671 1898 2718 Symmachum
1931 2671 1996 2715 ll.‚
2025 2670 2107 2707 227.
2156 2670 2288 2709 „Unus
2319 2683 2388 2719 ego
2419 2673 2598 2710 elementa
2622 2686 2709 2722 rego

448 2726 556 2770 (deus
587 2736 697 2762 verus
727 2725 902 2773 loquitur)
927 2746 973 2753 —
995 2738 1064 2764 nec
1095 2728 1296 2776 participes
1327 2729 1502 2766 sociosve
1532 2729 1693 2776 requiro.
1726 2748 1773 2756 —-·
1806 2728 2003 2776 Angelicas
2035 2729 2203 2777 legiones
2234 2749 2281 2757 --
2312 2741 2424 2766 nosse
2454 2741 2571 2768 meum
2596 2739 2652 2768 est
2675 2742 2709 2768 et

448 2793 541 2828 quae
565 2789 695 2818 natura
718 2785 852 2820 creatis
875 2784 1048 2820 subsistat
1070 2786 1226 2830 (Varro-
1257 2786 1340 2822 „dei
1364 2792 1420 2821 est
1442 2787 1562 2822 scire“
1587 2786 1660 2821 vid.
1686 2787 1831 2832 supra).
1858 2805 1904 2811 —
1928 2786 1998 2829 Tu,
2023 2797 2080 2821 me
2106 2787 2326 2833 praeterito,
2351 2787 2536 2822 meditaris
2563 2792 2709 2824 numina

449 2839 559 2883 mille,
584 2839 708 2881 Quae
738 2842 930 2879 simules
964 2853 1132 2889 parere
1164 2844 1274 2879 meis
1307 2844 1584 2888 virtutibus,
1617 2849 1654 2878 ut
1679 2855 1736 2879 me
1764 2842 1852 2879 Per
1875 2844 2036 2879 varias
2060 2849 2220 2889 partes
2245 2844 2422 2880 minuas
2445 2864 2492 2872 —-
2516 2844 2594 2880 Nec
2622 2857 2708 2893 pars

449 2908 532 2931 esse
556 2909 653 2944 queo
676 2919 721 2925 —
746 2899 879 2942 Crede,
903 2900 1002 2945 quod
1028 2911 1072 2935 ex
1097 2900 1212 2935 nihilo
1238 2901 1407 2944 formavi,
1432 2911 1518 2948 pars
1540 2911 1624 2935 mea
1644 2910 1721 2935 nou
1744 2906 1835 2936 esta
1882 2900 1931 2936 cf.
1962 2913 2000 2937 v.
2024 2900 2106 2936 214.
2133 2911 2189 2946 sq.
2239 2900 2278 2935 Ιιι
2301 2911 2467 2947 parere
2490 2903 2707 2938 monendum

448 2960 517 2998 est,
539 2945 842 3003 splendendi'
844 2968 927 2993 esso
951 2959 1151 2994 notionem.
1173 2956 1219 2994 of.
1248 2958 1287 3002 l.‚
1311 2958 1392 2996 440.
1416 2970 1473 3004 sq.
1501 2955 1586 2994 Peri
1612 2957 1742 3005 steph.
1769 2958 1866 3005 hym.
1878 2958 1929 3003 9.,
1945 2958 2041 3003 360,
2066 2957 2147 2996 384.
2173 2958 2306 2995 similia
2336 2958 2566 3004 reperiuntur
2596 2960 2709 2996 multa

450 3016 490 3046 ut
519 3012 721 3061 Apotheos.
756 3025 793 3050 v.
820 3014 898 3052 1⁴7.
931 3016 968 3052 in
1001 3016 1151 3051 hircoso
1182 3015 1329 3063 Cynico
1359 3016 1407 3051 ib.
1440 3025 1476 3051 v
1505 3014 1769 3051 201.haereo.
1805 3018 1902 3065 Apta
1930 3016 2027 3053 foret
2058 3016 2268 3053 Stoicorum
2301 3014 2535 3061 significatum
2568 3016 2636 3052 sed
2661 3017 2708 3055 de

448 3069 615 3107 Romano
634 3071 789 3118 Cynico,
813 3072 908 3108 inter
924 3072 1115 3110 Platonem
1139 3079 1176 3110 et
1193 3073 1424 3109 Aristotelem
1449 3073 1624 3117 immisso,
1648 3074 1815 3122 cogitare
1839 3086 1914 3111 non
1939 3074 2071 3111 audeo.
2097 3073 2265 3119 Denique
2281 3072 2421 3109 Contra
2443 3072 2544 3120 Sym.
2571 3073 2611 3118 1.,
2626 3075 2707 3112 296.

430 3138 505 3173 Ὶιι,
530 3128 595 3167 „td
619 3129 756 3167 duxere
780 3131 890 3167 deos:
916 3132 1052 3176 eolles,
1074 3132 1188 3176 freta,
1210 3131 1373 3175 flamina,
1399 3131 1570 3167 flammas.
1607 3131 1711 3169 Haeo
1732 3133 1804 3169 sibi
1827 3145 1896 3180 per
1919 3135 2043 3169 varias
2067 3131 2221 3167 formata
2248 3130 2429 3165 elementa
2452 3130 2588 3177 figuras
2613 3134 2709 3170 Con.

451 3187 604 3223 stituere
626 3194 764 3235 patres.
788 3208 833 3216 -
858 3187 1066 3236 Neptunum
1088 3211 1137 3220 --
1159 3189 1385 3226 Vulcanus.“
1409 3188 1516 3230 Quae
1540 3188 1658 3225 verba
1682 3192 1828 3237 cognati
1854 3190 1942 3236 quid
1966 3190 2101 3226 babere
2125 3199 2206 3223 cum
2230 3187 2302 3223 illis
2327 3187 2509 3227 Varronis
2534 3191 2706 3227 arbitror.

448 3241 495 3279 V.
527 3244 610 3282 298.
642 3252 761 3283 autem
797 3256 873 3284 non
901 3245 1115 3293 numina,
1146 3251 1188 3284 ut
1216 3246 1353 3284 editum
1386 3252 1442 3283 est
1474 3245 1603 3285 Colon.
1639 3247 1754 3294 1701„
1785 3247 1853 3286 sed
1884 3246 2076 3284 flamina
2106 3244 2340 3284 scribendum
2364 3256 2467 3291 esse,
2499 3246 2599 3283 illico
2624 3258 2704 3294 per—

447 3302 569 3346 spexit
590 3302 775 3350 Ungerus.
