2940 3661
81 239 91 250 “
130 263 134 266 ⁴
173 222 174 226 Ἰ
215 248 943 338 *Ummium
949 247 1136 317 dicens,
1166 259 1433 316 Van-nonem,
1460 268 1513 306 nt
1538 261 1617 320 qui
1642 259 1961 318 Xenophanem
1990 258 2342 316 Colophonium,
2372 255 2597 301 Eleaticae
2626 256 2693 301 di·

125 352 185 408 g‘
230 338 464 406 m
473 341 779 417 mn
799 347 1067 402 sequeretur
1102 341 1175 386 his
1223 354 1296 399 ap.
1336 341 1641 405 Augustiuum
1680 341 1730 386 C.
1767 340 1824 385 D.
1867 339 1973 394 Vll,
2023 340 2083 383 17.
2125 353 2167 396 p.
2206 339 2318 383 221.
2349 337 2449 395 Bip
2492 337 2608 391 „sed
2642 344 2691 380 ut

182 407 184 410 ι
231 420 556 489 woh„
559 415 897 485 monins
907 421 1102 476 ocu-ibit,
1143 421 1254 479 quid
1290 428 1463 480 putem,
1502 418 1610 466 ιιοιι-
1632 420 1738 479 quid
1768 420 2057 474 contendam,
2098 431 2277 477 ponam.
2336 415 2544 462 Hominis
2572 415 2690 461 enim

230 512 320 559 CR,
336 504 471 559 Μία
471 494 677 559 Opinati,
701 502 775 548 dei
794 502 930 554 scire,
931 504 966 532 “
984 509 1088 558 nen
1094 502 1159 548 ita
1175 501 1366 547 alienum
1387 500 1531 547 fuisse
1554 501 1698 546 videri
1717 502 1776 546 ab
1795 500 2022 557 opinando
2050 507 2096 544 et
2116 498 2397 552 dubitando,
2405 496 2493 541 hoc
2520 501 2692 542 tantum

230 585 485 643 *sufflat
487 579 751 661 rationibus
785 582 900 627 meis
937 583 1080 636 obsit,
1109 589 1161 629 ιιι
1188 582 1367 639 egregie
1394 580 1676 639 suffragetur.
1736 579 1847 625 Nam
1879 578 2135 625 Academici
2164 578 2274 623 novi
2309 576 2436 634 quod
2467 575 2692 627 dicebant,

200 646 203 648 d
227 662 365 712 affl
363 675 507 719 φοβεῦ
533 662 884 726 comprobqndi,
897 663 1301 720 „daoessessaaot‘inm-
1327 667 1430 719 περὶ
1448 678 1626 705 τουτου.
1658 678 1683 704 ο
1714 662 1764 704 δὲ
1788 660 2044 709 Σκεπτικός
2064 659 2334 711 ἐνδέχεσθαι
2363 663 2438 700 καὶ
2468 657 2693 713 καταληφ·

229 742 377 799 θ’ἢιιαί
400 741 508 784 cava
533 742 783 800 προσδοκᾷ,
787 746 818 768 “
850 755 966 799 quae
994 749 1101 785 sunt
1128 742 1255 785 Sexti
1284 742 1495 799 Empirici
1522 742 1661 784 verba
1690 741 1846 797 Pyrrh
1880 756 1918 795 p.
1950 741 2032 789 603
2072 747 2122 781 ut
2152 739 2325 790 Varro,
2364 737 2691 793 Xenophanem

150 805 165 818 ⁸
230 824 339 894 ᾶιιιιι,
362 822 587 872 laudaret,
615 822 673 864 de
701 835 792 878 qua
818 835 869 864 re
896 822 1015 870 infra
1043 824 1265 879 quaedam
1293 824 1514 873 dicentur,
1542 835 1633 864 non
1662 829 1749 864 tam
1780 830 1921 863 semet
1951 823 2098 875 ipsum
2128 819 2302 875 fugisse
2329 817 2588 861 censendus
2612 815 2688 866 sit,

230 914 367 960 qnam·
382 902 675 962 ,promovisse
703 916 825 955 eam,
866 906 1225 960 quasstenebatur
1253 903 1504 946 subsilitate
1531 911 1577 944 et
1604 903 1867 944 assiduitate
1907 902 2164 967 quaerendi.
2204 930 2208 935 -
2234 900 2565 946 Rectosautem
2604 911 2690 939 nos

230 983 300 1026 de
317 965 524 1027 Varrone
550 983 597 1025 in
626 996 680 1025 ea
710 979 819 1036 prae
846 984 1007 1025 ceteris
1035 983 1345 1039 philosophiae
1374 989 1500 1038 parte
1538 994 1654 1036 quae
1682 989 1779 1023 erat
1808 982 1864 1023 de
1893 989 2080 1031 natura,
2122 981 2178 1022 de
2207 979 2320 1030 diis,
2362 978 2418 1020 de
2446 978 2585 1020 rebus
2615 990 2691 1018 oc-

194 1067 211 1127 ’ἡ
229 1053 394 1114 cul-tis,
431 1075 487 1104 ea
514 1074 604 1120 qua
633 1062 828 1109 diximus
864 1064 1052 1116 ratione,
1082 1063 1340 1106 elaborante
1379 1055 1694 1119 pronuntiasse
1718 1061 1918 1117 judicio,
1957 1070 2002 1102 et
2030 1069 2231 1102 veterum
2261 1059 2530 1116 scriptorum
2564 1056 2689 1099 testi-

228 1142 394 1194 moniis
431 1149 477 1185 et
504 1142 618 1198 ipsis
654 1137 867 1187 librorum
899 1143 1118 1190 Varronis
1131 1118 1415 1199 fragmentis
1452 1141 1776 1198 comprobatur.
1838 1141 1900 1183 Ut
1933 1141 2021 1183 nisi
2061 1138 2346 1196 philosophia
2386 1137 2688 1188 varroniana,

229 1218 492 1279 praesertim
521 1213 731 1280 naturali,
761 1222 874 1275 bene
903 1229 1137 1281 perspecta
1164 1230 1210 1266 et
1237 1228 1445 1279 reparata
1471 1220 1641 1263 nullum
1679 1221 1929 1263 litterarum
1961 1216 2340 1262 Varronianarum
2378 1230 2522 1275 genus
2555 1231 2689 1260 accu-

228 1306 331 1346 rate
363 1307 444 1344 aut
480 1301 667 1359 intelligi
708 1308 786 1343 aut
821 1302 1059 1361 explicari
1074 1313 1236 1359 posse,
1273 1313 1420 1345 meum
1460 1307 1578 1344 certe
1610 1301 1832 1360 Judicium
1871 1301 1945 1343 sit.
2005 1300 2076 1343 De
2106 1312 2195 1357 qua
2232 1312 2282 1343 re
2309 1299 2491 1356 paucis,
2525 1305 2574 1340 ut
2602 1296 2689 1340 fert

228 1380 479 1425 institutum
508 1387 725 1434 nostrum,
749 1381 845 1438 jam
878 1387 1047 1437 agetur.
1092 1402 1098 1408 ·
1292 1390 1295 1392 ’

433 1459 473 1503 3.
535 1460 591 1503 Ει
619 1460 807 1517 primum
838 1460 1018 1517 quidem
1048 1460 1104 1503 ad
1133 1461 1466 1518 ingrediendam
1496 1461 1598 1519 eJus
1627 1460 1783 1512 studii,
1813 1459 1933 1518 quod
1964 1459 2114 1516 posuit
2143 1458 2190 1501 in
2221 1457 2538 1514 amplificanda
2567 1468 2687 1500 com-

228 1537 350 1582 muni
380 1537 633 1583 Stoicorum
663 1537 966 1596 philosophia,
997 1539 1238 1594 rationem,
1279 1540 1434 1585 dubito
1463 1553 1520 1585 an
1549 1538 1867 1597 gravissimum
1896 1537 2103 1582 habuerit
2139 1544 2366 1582 auctorem
2408 1535 2688 1587 Cleanthem,

214 1617 357 1673 'quem
397 1617 524 1674 quasi
565 1619 784 1676 majorum
823 1631 926 1662 esse
964 1619 1160 1675 gentium
1187 1619 1390 1666 Stoicum
1419 1619 1732 1665 Cicero-dixit.
1794 1618 1866 1663 Ad
1900 1631 2034 1676 quam
2064 1606 2374 1675 quaestionem
2404 1614 2609 1661 conferre
2639 1629 2689 1660 se

227 1697 464 1747 debebant,
494 1699 569 1754 qui
601 1698 656 1741 de
683 1697 756 1741 his
786 1697 1006 1741 Varronis
1026 1698 1185 1742 litteris
1216 1699 1364 1743 dedita
1391 1712 1528 1756 opera
1556 1700 1846 1755 scripserunt.
1909 1699 2022 1741 Nam
2054 1696 2316 1741 Cleanthem
2344 1698 2391 1740 in
2420 1696 2690 1754 indagandis

226 1776 360 1819 rebus
377 1775 694 1820 occultissimis
710 1776 924 1820 habuisse
940 1791 991 1821 se
1007 1778 1162 1821 ducem
1179 1776 1277 1835 ipse
1290 1779 1524 1835 profitetur
1540 1780 1595 1823 de
1608 1778 1656 1822 L.
1676 1778 1726 1821 L.
1747 1777 1805 1831 V,
1822 1779 1863 1822 7.
1880 1777 2006 1821 Miill.
2041 1777 2185 1821 »Sunt
2204 1785 2397 1834 quatuor
2416 1776 2686 1833 explanandi

226 1857 427 1911 (verba)
466 1857 647 1912 gradus.
710 1856 946 1898 intimus
986 1858 1054 1907 is,
1092 1871 1181 1914 quo
1221 1858 1355 1901 etiam
1400 1860 1594 1916 populus
1638 1861 1758 1901 venit
1803 1883 1855 1889 —
1899 1859 2228 1908 Secundus,
2268 1870 2358 1912 quo
2396 1858 2688 1913 grammatica

225 1937 426 1978 escendit
454 1936 651 1992 antiqu&
686 1959 737 1967 -
770 1935 1003 1978 Tertius
1032 1938 1216 1994 graduS,
1235 1948 1338 1994 ‘quo
1368 1938 1649 1994 philosophia
1677 1938 1926 1981 ascendens
1955 1937 2158 1992 pervenit
2190 1959 2256 1977 —-.
2303 1923 2561 1984 Quartus
2590 1937 2688 1979 ubi

225 2021 313 2058 est
350 2013 547 2058 aditus
586 2013 648 2058 ad
688 2013 862 2059 initia
900 2026 1084 2059 rerum
1117 2017 1210 2071 (vg.
1241 2016 1413 2073 regis)z
1453 2030 1541 2074 quo
1571 2017 1612 2061 si
1642 2029 1731 2061 non
1762 2015 2046 2072 perveniam,
2071 2015 2311 2060 scientiam
2342 2016 2399 2059 ad
2429 2015 2685 2072 opinionem

224 2093 509 2149 aucupabor,
540 2092 659 2150 quod
690 2093 821 2137 etiam
852 2094 899 2137 in
930 2093 1076 2138 salute
1106 2101 1261 2138 nostra
1290 2106 1611 2153 nonnunquam
1641 2095 1748 2140 facit
1776 2108 1910 2153 quom
1940 2102 2224 2152 aegrotamus
2253 2095 2466 2140 medicus.
2508 2094 2686 2146 Quodsi

224 2185 449 2217 summum
477 2172 668 2230 gradum
696 2172 787 2217 non
816 2173 1029 2231 attigero,
1071 2180 1217 2218 tamen
1246 2172 1494 2219 secundum
1524 2175 1802 2231 praeteribo,
1831 2174 1951 2232 quod
1981 2187 2072 2219 non
2101 2173 2248 2219 solum
2278 2174 2336 2219 ad
2366 2173 2685 2232 Aristophanis

223 2251 449 2296 lucernam
478 2251 562 2296 sed
590 2251 723 2296 etiam
753 2251 811 2296 ad
843 2251 1071 2297 Cleanthis
1100 2252 1379 2297 lucubravi«
1439 2254 1489 2298 ln
1518 2253 1591 2298 his
1622 2255 1695 2312 qui
1730 2262 1962 2312 »quartum
1991 2252 2118 2298 illum
2147 2255 2352 2310 gradum,
2383 2254 2462 2297 ubi
2488 2260 2561 2298 est
2590 2255 2684 2298 adi·

223 2337 298 2374 tus
327 2331 385 2374 ad
413 2330 543 2374 initia
569 2343 744 2373 rerum«
776 2313 887 2374 artis
916 2333 1233 2388 grammaticae
1261 2334 1483 2390 quandam
1514 2342 1681 2390 partem
1712 2347 1813 2377 esse
1843 2340 2027 2389 putant,
2066 2333 2277 2376 videntur
2305 2345 2471 2377 errare.
2536 2333 2684 2377 Varro

222 2410 357 2463 enim,
375 2424 525 2472 ‘quum
553 2410 789 2455 verborum
817 2410 1016 2469 origines
1042 2424 1101 2455 ex
1130 2424 1185 2456 eo
1215 2411 1483 2469 cognitionis
1511 2412 1669 2470 gradu,
1702 2413 1778 2470 qui
1808 2413 1910 2469 ipsa
1940 2411 2221 2469 philosophia
2250 2411 2382 2457 altior
2412 2414 2496 2466 sit,
2537 2428 2588 2458 se
2617 2429 2685 2459 re-

220 2489 459 2545 petiturum
489 2500 592 2533 esse
621 2488 860 2545 promittit,
900 2502 991 2534 non
1030 2489 1403 2547 acquiescendum
1434 2503 1537 2536 esse
1572 2490 1679 2536 dicit
1705 2491 1994 2548 grammatico
2034 2491 2232 2547 origines
2263 2491 2503 2537 verborum
2544 2492 2686 2549 expli·

222 2567 359 2614 canti„
381 2578 526 2624 neque
564 2566 612 2611 in
651 2568 875 2632 communi
914 2567 1109 2612 omnium
1147 2567 1375 2614 hominum
1416 2579 1582 2623 sensu,
1621 2584 1766 2627 neque
1795 2571 1842 2614 in
1869 2571 2163 2630 grammatica
2192 2572 2405 2628 antiqua,
2449 2587 2596 2629 neque
2639 2574 2684 2617 in

219 2643 503 2702 philosophia
531 2646 779 2698 communi;
811 2660 915 2691 esse
944 2646 1064 2691 enim
1093 2646 1295 2692 altiorem
1328 2649 1547 2706 quendam
1578 2650 2083 2706 cognitionisgradnm,
2115 2651 2209 2703 ubi,
2241 2659 2291 2695 ut
2316 2652 2511 2696 omnium
2535 2668 2684 2696 rerum

221 2725 373 2777 initia,
414 2725 476 2767 ita
505 2725 743 2768 verborum
775 2739 955 2781 quoque
984 2726 1167 2781 reperiri
1194 2727 1370 2779 possint
1398 2741 1563 2771 causae
1591 2728 1937 2772 occultissimae.
1993 2731 2064 2772 Ad
2095 2744 2227 2786 quem
2258 2730 2464 2774 ultimum
2494 2734 2683 2787 gradum

162 2807 169 2810 ’
219 2817 512 2847 escensurum
540 2816 594 2846 se
621 2812 773 2860 sperat
800 2799 1011 2868 quoniam
1042 2819 1132 2847 non
1161 2805 1205 2847 in
1236 2806 1626 2862 grammaticorum
1658 2809 2008 2862 commentariis,
2031 2811 2111 2853 sed
2141 2810 2188 2852 in
2210 2810 2442 2854 Cleanthis
2462 2812 2589 2854 libris
2610 2826 2682 2854 as-

219 2882 382 2925 siduus
410 2881 558 2926 fuerit.
604 2875 668 2925 Ut
693 2884 842 2928 minus
871 2884 1202 2926 consideratum
1233 2885 1293 2926 sit
1315 2885 1500 2929 ‘Miilleri
1531 2887 1781 2943 Judicium,
1824 2887 2085 2931 Cleanthem
2125 2891 2349 2932 monentis
2379 2891 2435 2932 iis
2473 2891 2683 2933 adnume-

217 2961 409 3012 randum
439 2974 569 3014 esse,
600 2962 705 3018 qui,
734 2968 784 3004 ut
805 2960 1095 3018 Chrysippus
1124 2970 1169 3005 et
1198 2963 1450 3019 Diogenes,
1490 2978 1566 3007 res
1593 2968 1910 3021 grammaticas
1940 2969 2214 3024 scripserint.
2278 2970 2512 3012 Praeterea
2542 2970 2682 3036 philo-

218 3039 425 3098 sophum,
454 3053 546 3084 non
573 3031 911 3104 grammaticum
942 3040 1201 3086 Cleanthem
1230 3056 1258 3086 a
1289 3042 1493 3087 Varrone
1521 3045 1743 3089 nominari
1772 3045 1847 3090 vel
1875 3047 1994 3102 inde,
2025 3049 2145 3105 quod
2168 3047 2418 3105 Chrysippo
2440 3048 2683 3094 Cleanthes

217 3121 481 3178 opponitur,
519 3120 632 3165 satis
660 3129 829 3165 certum
857 3127 942 3168 est.
1002 3122 1151 3180 Atque
1178 3135 1293 3180 quas
1321 3135 1379 3168 ex
1408 3132 1570 3183 quarto
1597 3124 1675 3171 illo
1705 3126 1976 3184 cognitionis
2005 3127 2148 3184 gradu
2178 3128 2495 3174 monstraverit
2524 3132 2682 3176 verbo-

193 3185 316 3245 ‚mm
352 3200 579 3258 origines,
606 3212 687 3246 eas
715 3200 927 3259 physicas
955 3200 1056 3246 illas
1085 3202 1270 3248 deorum
1298 3203 1687 3275 interpretationes
1716 3187 1889 3252 tantum
1918 3219 2009 3251 non
2038 3219 2209 3260 omnes,
2240 3207 2403 3264 partim
2432 3223 2490 3255 ex
2525 3212 2680 3256 intima

130 3341 146 3350 ἢ
216 3277 503 3353 philosophia
537 3281 700 3339 partim
738 3294 796 3328 ex
823 3281 925 3340 ipsa
952 3282 1266 3340 mysteriorum
1294 3296 1461 3332 arcana
1489 3285 1691 3334 doctrina
1719 3285 1955 3343 repetitaS‚
1998 3284 2047 3331 L.
2085 3284 2137 3333 L.
2170 3286 2231 3341 V,
2258 3287 2316 3334 5⁷
2348 3314 2399 3323 —
2431 3290 2520 3344 74„
2557 3305 2679 3345 esse,
