2940 3661
1299 78 1699 180 '-1s—,

2656 212 2676 242 Χ
2744 240 2751 244 s

438 268 481 313 Β.
542 268 676 317 Quod
706 275 854 310 autem
885 268 1084 312 diximus
1122 283 1151 312 a
1180 268 1401 314 Cicerone
1433 269 1679 321 Varronem
1718 269 1834 323 dici,
1873 280 1992 329 quas
2024 282 2101 317 res
2137 265 2707 333 philfflffl' fflfflm

232 347 457 393 hilaritate
495 359 767 404 conspersas
806 347 853 389 in
884 346 1064 391 Saturis
1103 349 1364 405 scripsisset
1400 350 1583 394 easdem
1613 347 1876 407 philosopha
1906 349 2080 395 ratione
2116 351 2166 396 in
2194 350 2552 398 Laudationibus
2564 349 2627 399 ’111
2645 355 2708 401 *in

235 428 561 488 Antiquitatum
592 426 803 485 praemiis
834 433 1055 472 tractasse
1093 426 1267 484 (multa
1303 429 1504 474 admixta
1547 454 1594 462 -
1637 443 1705 488 qu
1717 442 1780 475 ae
1817 430 1864 474 in
1893 430 2153 487 praemiis),
2183 432 2229 475 id
2258 432 2518 478 rectissime
2537 433 2706 478 dietum

232 520 352 562 esse,
384 520 653 567 quamquam
683 517 739 551 ex
774 507 846 558 iis,
877 520 994 564 quae
1023 520 1159 565 supra
1189 508 1413 560 diximus,
1450 509 1563 553 satis
1592 516 1760 554 certum
1791 509 1970 554 videtur
1996 523 2118 563 esse,
2144 503 2591 557 tamen'fa'ciendum
2616 501 2706 565 sst‘,

232 595 284 630 ut
311 587 530 631 addendis
570 586 811 630 luculentis
850 587 1121 645 quibusdam
1159 585 1379 643 exemplis
1418 586 1718 632 confirmetur.
1779 587 1892 633 Nam
1931 589 2188 648 gravissimi
2219 578 2386 648 quique
2423 591 2512 636 loci
2542 591 2598 635 de
2625 599 2703 636 na·
2750 577 2758 582 ”

232 666 366 710 1111811
395 666 955 723 philosophandi'genere:
987 667 1043 710 de
1072 674 1232 710 natura
1262 667 1472 720 deorum,
1503 667 1561 711 de
1588 668 1782 720 mundo,
1812 668 1868 711 de
1896 668 2152 722 elementis,
2193 669 2250 712 de
2286 670 2459 726 origine
2486 670 2705 722 bumana,

233 745 289 787 de
327 744 659 787 immortalitate
698 745 861 795 animi,
897 758 1013 801 quos
1043 746 1090 788 in
1122 745 1478 802 Antiquitatibus
1505 745 1655 789 rerum
1686 742 1963 801 divinarum,
1996 761 2131 805 quum
2162 746 2209 791 in
2247 746 2348 791 aliis
2375 746 2504 791 libris
2533 750 2626 791 tur'n
2656 748 2704 792 in

231 825 463 880 proemiis,
495 836 610 881 quae
639 836 729 866 non
759 836 1032 880 magnopere
1061 824 1292 876 adverset,
1324 824 1364 866 si
1396 823 1500 880 quis
1528 831 1704 880 praeter
1734 825 1904 881 primos
1943 839 2148 885 quosque
2175 827 2313 871 libros
2347 828 2483 881 etiam
2512 826 2703 872 aliorum

229 901 447 948 librorum
477 917 557 948 eas
586 910 757 959 partes,
787 899 1043 961 inquibus,
1075 910 1125 947 ut
1156 904 1442 961 Augustinus
1471 904 1557 957 ait,
1591 904 1738 947 Varro
1768 906 1824 948 de
1851 907 1989 949 rebus
2018 905 2295 962 philosophis
2325 906 2703 963 praelocutus

231 991 318 1034 est,
347 982 572 1040 appellata
601 996 704 1027 esse
729 982 866 1035 dicat,
896 997 1018 1027 more
1040 982 1406 1041 philosophorum
1428 997 1455 1027 a
1477 982 1683 1028 Varrone
1702 990 1916 1028 tractatos
1936 997 2039 1029 esse
2058 983 2378 1038 intelleximus,
2397 986 2531 1031 iidem
2551 1000 2703 1031 recur-

231 1071 337 1106 runt
366 1062 624 1120 frequentes
654 1063 701 1106 in
731 1063 928 1115 Saturis,
959 1077 1048 1108 non
1078 1063 1390 1107 desiderantur
1419 1064 1465 1106 in
1496 1063 1804 1120 Logistoricis.
1844 1064 1989 1122 Cujus
2009 1067 2073 1109 rei
2105 1066 2279 1123 insigne
2299 1066 2614 1109 documentum
2633 1073 2705 1109 est

230 1143 271 1185 is
309 1142 448 1196 liber,
491 1155 621 1200 quem
654 1143 753 1199 Jam
791 1155 930 1198 supra
967 1143 1323 1195 nominavimus,
1364 1143 1436 1185 cui
1473 1142 1738 1198 inscriptum
1780 1141 1887 1186 suit:
1926 1143 2133 1195 Tubero,
2171 1145 2228 1188 de
2268 1145 2453 1201 Origine
2491 1145 2701 1188 humana.

232 1220 391 1270 »Quae
419 1221 694 1277 fragmenta,
725 1222 982 1265 reconditae
1013 1222 1292 1279 antiquitatis
1324 1220 1472 1276 plena,
1502 1223 1737 1265 emendata
1766 1230 1987 1279 auctaque
2016 1230 2061 1266 et
2088 1221 2208 1266 1101111
2237 1223 2461 1268 illustrata
2489 1224 2546 1266 ad
2576 1224 2701 1267 editi-

228 1313 357 1343 onem
387 1300 603 1344 habemus
633 1308 838 1357 parata«,
868 1308 975 1344 sunt
1001 1302 1140 1346 verba
1171 1300 1482 1354 Havercampii
1512 1301 1559 1354 in
1582 1299 1698 1343 Tert
1733 1302 1816 1356 Ap.
1847 1315 1888 1356 p.
1919 1300 1992 1344 96.
2041 1301 2354 1357 Fragmentum
2384 1308 2532 1345 autem
2553 1301 2702 1358 hujus

228 1378 358 1430 libri,
400 1379 519 1436 quod
554 1378 730 1422 Probus
770 1379 816 1422 in
848 1378 975 1436 virg.
1007 1378 1082 1422 Ec.
1118 1378 1194 1431 Vl,
1225 1377 1312 1422 31
1328 1392 1429 1434 pag
1460 1377 1559 1421 351.
1592 1379 1817 1421 servavit:
1860 1387 2095 1437 „quattuor
2132 1380 2450 1424 elementorum
2478 1380 2597 1423 sacta
2627 1380 2704 1423 de·

229 1458 443 1513 scriptio,
483 1459 540 1501 ad
580 1472 714 1516 quam
753 1459 991 1515 imaginem
1034 1458 1181 1501 Varro
1220 1458 1386 1501 mundo
1426 1471 1561 1501 ovum
1598 1457 1957 1513 comparavit-in
1997 1458 2283 1514 logistorico,
2330 1460 2403 1516 qui
2442 1459 2702 1503 inscribitur

228 1536 407 1581 Tubero
448 1538 503 1581 de
542 1539 715 1595 origine
754 1538 972 1591 humana,
1014 1538 1083 1581 sic
1120 1538 1299 1581 dicens:
1341 1537 1514 1579 coelum
1545 1545 1615 1579 est
1644 1544 1784 1588 testa,
1812 1537 1916 1579 item
1947 1537 2148 1580 vitellum
2188 1546 2306 1580 terra
2336 1540 2431 1593 (vg.
2462 1546 2511 1580 ut
2541 1539 2699 1593 terra),

226 1616 344 1658 inter
382 1617 458 1659 illa
488 1618 578 1660 duo
608 1618 793 1670 humor,
834 1617 965 1673 quasi
1007 1617 1053 1658 in
1092 1616 1241 1658 sinum
1281 1614 1438 1657 clusus
1468 1615 1561 1658 aeri
1601 1615 1707 1672 (vg.
1751 1617 1880 1673 quasi
1920 1615 2055 1659 limus
2085 1616 2287 1660 inclusus
2318 1617 2438 1668 veri,
2476 1617 2594 1672 apud
2623 1616 2700 1660 Ju-

227 1696 350 1737 nium
383 1696 696 1740 Animadvers.
739 1696 920 1740 Gruteri
950 1696 1144 1752 Lampas
1176 1694 1224 1737 T.
1261 1693 1335 1737 lV.
1369 1707 1442 1750 pg.
1473 1694 1584 1739 584:
1619 1693 1833 1748 llcinus),
1871 1694 1919 1737 in
1959 1681 2047 1751 quo
2087 1695 2224 1738 calor.
2285 1695 2333 1737 ln
2372 1696 2529 1738 eodem
2567 1696 2701 1752 etiam

225 1776 340 1818 libro
372 1776 520 1819 Varro
550 1777 894 1832 interpretatur,
933 1775 1136 1818 vitellum
1176 1773 1451 1830 appellatur,
1492 1774 1599 1830 quia
1636 1775 1806 1817 nutriat
1835 1772 2045 1824 vitalia«,
2082 1780 2234 1829 aperte
2263 1774 2409 1824 docet,
2450 1773 2696 1816 Varronem

226 1856 444 1913 originem
475 1855 714 1899 humanam
745 1868 799 1898 ex
831 1854 988 1898 intima
1016 1852 1210 1897 naturali
1242 1852 1525 1909 philosophia
1553 1853 1774 1907 repetisse
1803 1858 1847 1895 et
1868 1853 2159 1907 disputationi
2181 1865 2290 1895 suae
2313 1852 2445 1895 simul
2478 1852 2701 1909 adjecisse

225 1934 521 1979 subtilissima
558 1935 888 1980 reconditarum
928 1946 1076 1978 rerum
1116 1932 1334 1975 examina.
1403 1930 1613 1974 Fortasse
1657 1932 1789 1974 etiam
1831 1930 2120 1985 Xenophanis
2160 1931 2374 1972 memoria
2416 1944 2504 1972 non
2550 1930 2700 1972 aliena

225 2013 310 2057 suit
339 2014 394 2056 ab
426 2013 510 2057 hoc
539 2013 680 2065 libro,
711 2013 932 2071 siquidem
965 2011 1139 2055 Probus
1171 2010 1199 2052 l.
1232 2009 1261 2052 l.
1303 2010 1448 2052 addit:
1490 2009 1811 2065 Xenophanem
1844 2009 2169 2065 Colophonium
2210 2007 2288 2063 (cf.
2334 2008 2531 2051 Macrob.
2574 2009 2696 2051 Som.

225 2092 301 2135 Sc.
336 2092 469 2143 1,14.
502 2107 544 2148 p.
576 2092 671 2147 73.)
703 2107 801 2135 811111
831 2092 935 2134 81118
964 2091 1082 2134 binis
1112 2097 1284 2132 tantum
1317 2088 1547 2145 principiis
1577 2088 1789 2131 mundum
1816 2089 2171 2140 discriminasse,
2211 2096 2328 2132 terra
2359 2094 2401 2131 et
2431 2100 2549 2145 aqua
2580 2088 2699 2143 (erat

227 2173 344 2215 enim
374 2171 605 2216 Macrobio
637 2179 751 2213 teste
780 2171 855 2219 hic
893 2184 991 2213 mos
1024 2170 1270 2219 Varronis,
1300 2177 1349 2210 ut
1385 2168 1537 2210 allatis
1576 2168 1764 2210 aliorum
1804 2168 2039 2209 sententiis
2079 2175 2122 2209 et
2152 2166 2381 2219 refutatis,
2410 2166 2565 2209 ultimo
2599 2165 2701 2209 loco

222 2265 352 2295 suam
385 2252 527 2307 ipsius
556 2253 804 2307 poneret.);
834 2257 878 2292 et
899 2233 1204 2321 13111Μο8Ιί8,
1226 2260 1355 2315 quem
1378 2247 1651 2289 nominatum
1673 2246 1805 2311 video
1828 2259 1854 2288 a
1874 2244 2109 2288 Lactantio
2139 2245 2196 2288 de
2217 2244 2410 2300 Opificio
2431 2245 2501 2288 dei
2533 2259 2573 2288 8.
2608 2245 2691 2296 17.,

226 2332 271 2373 111
294 2343 384 2387 quo
405 2329 520 2373 libro
540 2330 748 2387 equidem
769 2324 860 2372 11011
881 2317 1052 2380 dubito,
1076 2322 1183 2383 quin
1205 2314 1350 2369 multa
1366 2312 1518 2384 hujus
1532 2325 1632 2368 libri
1656 2333 1837 2369 servata
1858 2325 1947 2368 sint
1967 2323 2230 2381 fragmenta,
2253 2338 2440 2381 quorum
2462 2324 2699 2380 quaedam,

225 2424 316 2454 non
349 2410 523 2462 omnia,
555 2409 669 2453 inter
699 2409 872 2452 incerta
907 2407 1047 2452 relata
1077 2406 1209 2449 video
1239 2404 1554 2463 11338681]
1586 2404 1706 2460 Bip.,
1735 2404 1902 2454 veluti,
1941 2403 2061 2459 quod
2097 2401 2125 2446 1.
2163 2402 2192 2448 1.
2221 2402 2399 2458 legitur,
2432 2401 2606 2445 -Varro
2636 2403 2698 2446 ita

227 2489 404 2533 definit:
435 2489 585 2533 anima
613 2496 684 2531 est
711 2491 789 2532 ae'r
819 2494 1064 2542 conceptus
1093 2498 1196 2535 ore,
1237 2482 1566 2527 defervefactus
1596 2484 1643 2526 in
1674 2482 1899 2538 pulmone,
1936 2487 2205 2537 temperatus
2234 2480 2280 2524 in
2311 2480 2461 2535 corde,
2499 2480 2693 2525 diffusus

226 2570 272 2612 in
303 2582 469 2626 corpus
498 2567 575 2624 (cf.
610 2568 658 2612 L.
691 2567 740 2612 L.
764 2566 821 2621 V,
841 2567 911 2612 59.
945 2564 1065 2623 Lips.
1091 2563 1289 2621 Physiol.
1311 2563 1378 2608 St.
1402 2563 1473 2607 ΙΙΙ.
1504 2563 1608 2616 9.)«.
1657 2562 1766 2607 Post
1793 2560 1908 2620 quae
1938 2563 2087 2606 statim
2118 2569 2388 2617 sequuntur:
2423 2574 2508 2604 nan
2533 2562 2573 2605 si
2594 2561 2699 2606 mihi

227 2650 330 2705 quis
370 2648 532 2693 dixerit
569 2661 759 2692 aeneum
796 2660 899 2691 esse
938 2646 1135 2698 coelum,
1176 2651 1255 2687 aut
1291 2645 1507 2695 vitreum,
1547 2650 1597 2686 ut
1635 2642 1933 2698 Empedocles
1962 2641 2048 2693 ait,
2088 2643 2237 2683 8818111
2276 2640 2559 2697 glaciatum«.
2630 2641 2701 2683 Ex

228 2728 394 2787 quibus
423 2727 687 2784 intelligitur
716 2741 806 2784 quo
836 2726 1069 2769 societatis
1098 2724 1281 2767 vinculo
1309 2737 1389 2776 ea,
1431 2736 1546 2780 quae
1588 2722 1733 2765 Varro
1774 2722 1828 2764 de
1869 2721 2044 2778 origine
2072 2719 2265 2762 humana
2300 2721 2557 2775 proposuit,
2599 2731 2699 2763 cum

228 2809 286 2852 iis
315 2808 559 2866 conjuncta
586 2806 778 2858 fuerint,
817 2819 933 2863 quae
973 2805 1028 2848 de
1066 2803 1220 2848 mundi
1250 2811 1410 2846 natura
1439 2810 1483 2844 et
1513 2802 1659 2857 figura
1698 2801 1956 2856 disputasse
1987 2814 2085 2842 eum
2115 2798 2365 2855 fragmenta
2393 2799 2591 2853 ascripta
2624 2798 2700 2840 do-

228 2895 342 2932 cent.
373 2886 710 2932 Nobilissimam
732 2892 881 2930 autem
901 2884 1054 2928 mundi
1076 2897 1175 2928 cum
1195 2897 1284 2926 ovo
1306 2881 1699 2938 comparationem,
1722 2880 1777 2923 de
1798 2893 1886 2937 qua
1906 2877 2082 2921 Junius.
2104 2878 2134 2921 l.
2152 2877 2182 2920 l.
2203 2885 2262 2930 et,
2281 2885 2332 2920 ut
2350 2877 2466 2921 alias
2487 2878 2701 2929 omittam,

228 2966 483 3011 Lobeckius
514 2966 616 3023 Agl.
648 2978 720 3022 pg.
750 2965 850 3010 476.
882 2965 1062 3020 copiose
1092 2977 1176 3006 nec
1207 2961 1428 3004 Varronis
1458 2961 1559 3003 loco
1590 2960 1822 3004 emendate
1851 2959 2051 3014 scripto,
2090 2966 2138 2999 ut
2166 2970 2252 3000 nos
2283 2957 2421 3001 verba
2449 2957 2698 3014 posuimus,

228 3047 397 3090 omisso
427 3054 698 3099 tractarunt,
741 3045 885 3088 Varro
915 3045 1048 3087 etiam
1079 3044 1125 3085 in
1154 3043 1266 3085 libro
1297 3043 1353 3086 de
1384 3041 1665 3091 Geometria,
1694 3039 1991 3099 geometricas
2024 3038 2225 3081 rationes
2254 3049 2477 3094 sequens,
2508 3048 2700 3093 pronun-

229 3126 361 3170 tiavit
388 3128 542 3171 verbis
571 3141 598 3171 a
628 3125 907 3171 Cassiodoro
938 3124 993 3167 de
1024 3124 1121 3167 Art.
1163 3130 1208 3165 et
1236 3123 1345 3165 disc.
1387 3136 1424 3165 c.
1455 3122 1497 3165 6.
1529 3135 1570 3177 p.
1601 3120 1699 3165 560.
1733 3121 1774 3163 b.
1806 3118 2000 3162 servatis
2036 3116 2133 3160 his:
2175 3117 2356 3160 »mundi
2388 3128 2566 3172 quoque
2593 3115 2707 3173 figu-

227 3220 323 3250 ram
355 3206 690 3250 curiosissimus
721 3205 869 3250 Varro
908 3205 1070 3263 longae
1108 3202 1369 3247 rotunditati
1412 3202 1458 3245 in
1496 3188 1770 3258 geometriae
1814 3198 2040 3244 volumine
2077 3195 2375 3253 comparavit,
2412 3193 2600 3242 sormam
2634 3196 2702 3253 ip-

227 3288 327 3332 sius
364 3287 423 3332 ad
463 3287 540 3331 ovi
578 3287 911 3331 similitudinem
949 3285 1155 3339 trahens,
1196 3283 1315 3341 quod
1355 3283 1401 3325 in
1440 3281 1676 3326 latitudine
1708 3280 1885 3339 quidem
1913 3278 2181 3330 rotundum,
2222 3276 2302 3320 sed
2342 3276 2388 3319 in
2425 3275 2704 3333 longitudine
