2940 3661
1311 68 1622 123 ..ιο-

208 221 529 283 philosophia,
555 236 665 283 qua,
694 228 868 269 remota
905 224 1161 271 disserendi
1190 225 1461 283 disciplina,
1494 235 1542 274 et
1567 227 1753 291 moralis
1781 236 1828 274 et
1855 230 2078 277 naturalis
2103 209 2393 294 philosop*
2416 237 2707 293 eoum

208 315 402 351 neeesse
438 310 534 358 est,
572 316 765 363 quarum
804 303 1023 361 potiorem
1063 313 1174 363 puto
1211 308 1561 363 naturalem,
1601 310 1785 368 quando
1820 306 2174 368 &guenton-
2200 315 2342 362 multo
2368 317 2701 375 copie-imma
2791 377 2794 380 ‘

210 392 400 429 naturae
428 384 731 429 obscuritates
762 396 898 441 quam
926 384 1056 429 locos
1085 385 1477 444 philosophos
1515 389 1574 434 ad
1595 402 1747 434 mores
1773 398 1820 435 et
1848 391 1987 436 vitam
2015 381 2274 448 spectantes
2300 402 2499 443 metat.
2536 398 2700 447 Remo-

206 464 359 508 venda
387 469 538 509 autem
565 462 699 509 nobis
729 463 786 508 de
814 463 875 508 iis
905 465 1046 509 verba
1074 462 1369 520 facientibus,
1400 476 1519 526 quae
1543 480 1602 512 ex
1630 468 1924 529 philosophia
1958 471 2216 525 admixta
2239 473 2397 521 tulus
2433 478 2700 535 vunnu,

208 544 358 589 omnia
399 557 481 596 ea,
522 544 688 602 quibus
717 545 839 588 vitae
870 557 982 588 usus
1012 546 1286 600 communis,
1328 547 1407 591 aut
1434 546 1654 600 historia,
1693 556 1774 594 aut
1811 559 1934 595 artes
1960 552 2267 609 explicantur,
2308 558 2696 609 cot-mendantm

208 639 309 683 que.
355 624 442 667 Cui
482 623 731 668 sententiae
759 624 942 681 egregie
970 624 1094 680 favet
1122 625 1254 677 illud,
1281 627 1406 684 quod
1432 627 1593 671 eodem
1621 628 1878 674 intimae
1890 632 2206 689 philosophiae
2234 634 2416 680 nomiae
2440 639 2694 685 muralem

198 703 531 763 philosophiam
571 684 735 749 dictam
776 704 911 749 video
952 705 1008 749 de
1046 703 1163 763 legg.
1204 705 1255 759 l.,
1284 706 1326 752 5.
1370 706 1580 764 »penitas
1607 715 1665 753 ex
1695 708 1897 756 intima
1923 703 2211 771 philosophia
2236 712 2707 774 &medam-putas,

197 785 323 843 juris
353 783 683 842 disciplinam«,
717 797 834 843 quae
866 784 1007 829 verba
1036 784 1105 830 sic
1131 784 1437 843 explicantur,
1469 795 1659 832 »natura
1680 787 1803 847 juris
1834 814 1887 822 —
1917 790 1978 834 ab
2005 789 2199 837 hominis
2228 795 2471 852 repetenda
2504 804 2694 843 natatu

194 864 251 909 cf.
275 878 314 908 c.
339 865 379 906 7.
444 864 513 908 Ac
540 877 599 908 ne
628 865 733 922 quis
761 864 912 908 minus
941 864 1139 921 cogitate
1168 864 1282 911 haec
1300 880 1329 910 a
1348 867 1483 911 nobis
1500 867 1565 911 ita
1585 869 1723 912 scribi
1743 877 1885 924 putet,
1905 870 2039 935 positi
2064 872 2108 913 in
2130 874 2300 919 saturis
2318 873 2515 927 fuerant,
2537 885 2588 920 ut
2606 888 2707 934 ega.

198 944 379 1003 quidem
397 943 606 996 arbitror,
626 958 716 990 non
732 944 881 1001 minus
898 943 1089 990 docendi
1106 960 1241 1004 quam
1256 946 1488 1011 deridendi
1508 960 1665 1006 causa,
1683 947 2061 1006 locigravissimi,
2079 951 2218 996 veluti
2234 953 2290 997 de
2305 963 2469 999 natura
2482 941 2690 1011 hominia,

202 1024 259 1068 de
279 1025 458 1068 animae
478 1023 809 1068 immortalitate
838 1024 995 1069 multis
1013 1024 1144 1080 locis,
1167 1027 1224 1071 de
1243 1027 1382 1071 rebus
1401 1028 1572 1072 divinis
1590 1025 1683 1072 sere
1702 1029 1929 1082 omnibus,
1947 1030 2009 1073 de
2029 1031 2259 1086 mysteria,
2277 1032 2334 1076 de
2353 1034 2538 1077 deorum
2558 1035 2693 1079 iater-

204 1104 458 1160 pretatione
488 1102 707 1160 physika,
740 1104 796 1148 de
819 1104 928 1161 jure
957 1105 1218 1162 pontificio,
1251 1107 1307 1150 de
1337 1105 1504 1151 mundo
1533 1106 1690 1152 multis
1717 1106 1856 1161 locis,
1889 1108 1944 1151 de
1974 1108 2139 1163 stellis,
2176 1110 2234 1154 de
2262 1112 2438 1156 musica
2466 1115 2692 1157 conmuni

164 1173 169 1179 ¹
202 1190 247 1227 et
287 1180 492 1236 coelesti,
533 1182 622 1226 alia
662 1183 720 1225 id·
746 1196 894 1241 genus
933 1197 1070 1241 quam
1107 1184 1328 1242 plurima,
1368 1199 1486 1242 quae
1523 1187 1839 1244 unusquisque
1874 1185 2127 1244 fragmenta
2164 1188 2433 1236 Saturarum
2470 1191 2687 1244 lustrans,

169 1263 171 1267 ’
202 1261 336 1306 facile
375 1262 477 1318 ipse
513 1262 730 1318 reperiet3
780 1262 838 1306 de
877 1263 1203 1308 occultioribus
1239 1264 1512 1322 quibusdam
1550 1264 1668 1310 infra
1706 1265 1892 1311 dicetur.
1963 1265 2141 1312 interim
2179 1268 2404 1313 videndus
2449 1270 2692 1327 Oehlerns,

204 1343 280 1401 qui
313 1341 572 1399 complures
601 1355 676 1385 res
715 1342 762 1385 in
800 1343 971 1386 saturis
1008 1349 1223 1409 tractatas
1261 1344 1307 1387 in
1346 1357 1485 1389 unum
1524 1344 1732 1403 collegit,
1772 1359 2043 1405 quamquam
2081 1360 2138 1392 eo
2176 1348 2358 1403 ordine,
2400 1356 2450 1393 ut
2478 1363 2597 1408 quae
2631 1363 2690 1395 ex

202 1422 397 1466 naturali
440 1421 728 1479 philosophia
766 1424 1023 1480 supersint,
1063 1418 1240 1480 quaeve
1277 1438 1335 1468 ex
1374 1424 1531 1469 morali
1562 1438 1697 1482 aegre
1725 1428 2024 1483 perspiciatur
2052 1427 2080 1471 l.
2114 1427 2143 1471 l.
2174 1443 2216 1484 p.
2246 1430 2316 1472 -75,
2347 1443 2415 1486 sq.
2477 1430 2691 1475 Omnium

202 1503 399 1546 maxime
430 1510 576 1545 autem
607 1495 1336 1560 resnaturales‘reconditasque,
1368 1513 1416 1547 ut
1445 1518 1502 1547 ex
1523 1505 1678 1548 intima
1707 1505 2000 1562 philosophia·
2021 1508 2199 1562 petitas,
2232 1521 2287 1550 eo
2318 1509 2496 1552 dicendi
2526 1522 2691 1565 genere

202 1582 324 1640 quod
354 1581 683 1633 Casaubonus,
713 1595 741 1625 a
772 1581 961 1640 Cynicis
989 1590 1172 1639 sumpto
1202 1584 1405 1636 nomine,
1436 1591 1559 1627 recte
1588 1585 1944 1638 σπουδογέλοιον
1971 1585 2190 1642 appellat,
2220 1586 2266 1629 in
2296 1567 2464 1630 saturis
2495 1587 2690 1644 scriptas

199 1661 371 1713 fuisse,
411 1669 455 1704 et
485 1668 550 1702 tot
578 1661 871 1717 reliquiarum
902 1662 1084 1705 indiciis
1113 1663 1380 1705 certissimis
1410 1663 1554 1713 lucet,
1593 1672 1638 1705 et
1668 1677 1770 1706 cum
1800 1677 1962 1720 magno
2005 1665 2226 1707 Varronis
2266 1671 2310 1707 et
2341 1665 2583 1709 'ciceronis
2621 1667 2685 1710 in-

197 1741 433 1784 commodo
474 1754 503 1783 a
542 1741 688 1783 doctis
737 1740 886 1783 adhuc
935 1742 1317 1796 praetermissum.
1400 1742 1513 1784 Nam
1552 1742 1719 1799 quibus
1757 1743 1912 1788 verbis
1954 1726 2175 1786 Varronis
2213 1745 2359 1786 oratio
2399 1745 2517 1799 apud
2557 1744 2685 1789 05oe-

198 1833 354 1864 ronem
385 1818 629 1875 excipitur:
664 1826 826 1876 „atque
855 1819 955 1875 ipse
983 1819 1159 1863 varium
1198 1828 1244 1863 et.
1283 1820 1471 1876 elegans
1500 1821 1620 1863 omni
1659 1819 1754 1864 sere
1791 1834 1980 1864 numero
2019 1835 2179 1876 poema
2205 1820 2381 1872 fecisti,
2411 1822 2687 1877 philosophi-

197 1912 358 1955 amque
382 1913 461 1934 -α
495 1911 549 1941 ea
579 1899 636 1941 ad
667 1897 789 1941 aliud
821 1911 1002 1941 carmen
1032 1899 1311 1954 deperditum
1343 1913 1476 1955 quam
1497 1899 1554 1942 ad
1585 1899 1663 1942 illa
1693 1906 1848 1942 vetera
1869 1898 2125 1954 Menippea,
2156 1899 2451 1950 „multimoda
2478 1915 2685 1943 numero-

195 1978 354 2023 sitate«
407 1975 604 2034 insignia
652 1976 841 2030 (Sidon.
884 1977 971 2034 Ap.
1013 1991 1050 2021 c.
1090 1976 1159 2021 23.
1202 1991 1242 2021 v.
1286 1977 1443 2032 150.)‚
1490 1977 1577 2021 nisi
1621 1978 1912 2034 pessumdata
1956 1977 2075 2020 omni
2121 1977 2341 2021 orationis
2386 1978 2686 2022 concinnitate

193 2057 351 2103 referri
381 2070 473 2101 non
502 2055 620 2102 lieet.
682 2056 816 2107 Quod
846 2057 911 2101 ita
941 2071 1045 2101 esse
1075 2058 1290 2101 admoniti
1322 2057 1590 2114 quibusdam
1621 2065 1820 2102 veterum
1850 2058 2124 2102 testimoniis
2150 2071 2308 2102 omnes
2330 2057 2685 2114 perspexissent,

193 2140 234 2184 si
274 2152 348 2182 res
390 2136 621 2182 naturales
661 2149 766 2182 esse
807 2136 888 2181 illa
926 2150 1044 2195 quae
1081 2152 1137 2181 ex
1180 2137 1336 2181 intima
1376 2136 1657 2194 philosophia
1697 2133 1868 2194 petisse
1899 2137 2047 2180 Varro
2077 2137 2347 2195 perhibetur,
2379 2138 2576 2195 animum
2606 2139 2684 2182 ad-

193 2218 453 2262 vertissent.
523 2217 637 2260 Nam
682 2231 820 2274 quum
867 2216 1027 2260 Gicero
1071 2217 1242 2260 saturis
1285 2218 1407 2261 dicat
1449 2218 1626 2260 multa
1670 2218 1926 2261 admixta
1967 2230 2099 2260 esse
2142 2230 2208 2259 ex
2253 2218 2453 2261 intima
2497 2217 2684 2274 philo·

195 2299 423 2353 sophia,
470 2299 510 2340 si
553 2296 668 2340 haec
711 2311 945 2353 magnam,
993 2311 1048 2339 ne
1094 2298 1237 2339 dicam
1278 2298 1517 2340 maximam
1557 2304 1728 2352 partem
1768 2310 1825 2342 ex
1864 2298 2021 2340 intima
2060 2297 2328 2339 naturalium
2368 2299 2683 2353 quaestionum

196 2377 448 2425 subtilitate
484 2378 625 2433 petita
661 2375 808 2419 fuisse
845 2384 891 2419 et
923 2375 1159 2427 Varronis,
1192 2377 1279 2419 viri
1311 2377 1357 2418 in
1388 2377 1646 2432 quaerendo
1688 2376 2069 2428 „subtilissimi‚“
2112 2377 2507 2426 „curiosissimi,‹e
2543 2369 2683 2419 naon·

201 2457 393 2501 tissimi«
445 2456 677 2514 ingenium
716 2455 905 2508 suadet,
952 2453 1205 2514 fragmenta
1245 2461 1541 2510 attestantur,
1587 2454 1704 2513 quod
1746 2455 1925 2499 tandem
1973 2455 2296 2512 opportunius,
2334 2454 2455 2512 quod
2508 2454 2683 2500 firmius

196 2539 255 2593 ei,
288 2551 423 2595 quam
460 2537 779 2594 proposuimus
817 2536 1069 2580 sententiae
1109 2537 1324 2580 accedere
1363 2543 1511 2593 potest
1549 2536 1878 2588 testimonium,
1916 2549 2049 2593 quam
2079 2535 2191 2580 haec
2222 2534 2514 2585 Quinctiliani
2544 2538 2685 2580 verba

198 2618 323 2662 lnstt.
354 2631 418 2660 or.
453 2617 507 2668 1.,
526 2617 572 2668 4,
600 2617 668 2661 4:
732 2615 855 2660 „Nec
883 2616 1042 2673 ignara
1071 2614 1381 2673 philosophiae
1411 2617 1726 2674 (grammatica
1754 2628 1857 2660 esse
1887 2618 2058 2672 potest)
2090 2609 2436 2674 quum‘propter
2465 2615 2683 2672 plurimos

198 2699 246 2742 in
285 2698 497 2742 omnibus
535 2695 630 2740 sere
670 2698 945 2740 carminibus
984 2696 1111 2740 locos
1150 2711 1215 2740 ex
1253 2698 1455 2739 intima
1500 2697 1905 2754 quaestionum
1949 2696 2303 2740 naturalium
2347 2696 2682 2740 subtilitate

196 2779 439 2835 repetitos,
479 2784 573 2820 tum
604 2775 679 2820 vel
709 2784 889 2833 propter
920 2776 1233 2834 Empedoclem
1264 2777 1310 2820 in
1343 2776 1554 2829 Graecis,
1589 2776 1900 2821 Varronem
1930 2782 1975 2819 et
2004 2775 2259 2820 Lucretium
2291 2777 2337 2819 in
2367 2774 2556 2829 Latinis,
2587 2778 2687 2834 qui

198 2863 509 2916 praecepta
552 2856 889 2913 sapientiae
934 2857 1210 2900 versibus
1254 2856 1668 2900 tradiderunt«
1740 2855 1892 2900 Habes
1936 2855 2233 2900 certissimam
2271 2855 2681 2924 interpretationem

200 2940 444 2983 verborum
484 2936 663 2980 illorum
703 2936 964 2991 Ciceronis,
1007 2951 1197 2995 quorum
1238 2937 1439 2994 ipsorum
1487 2937 1702 2981 memoria
1746 2935 2041 2987 Quinctiliani
2089 2936 2203 2981 haec
2245 2936 2484 2980 scribentis
2531 2937 2682 2982 animo

197 3019 378 3062 videtur
416 3029 522 3061 esse
560 3017 816 3060 obversata.
881 3016 1267 3066 „Quaestionibus
1305 3016 1615 3061 naturalibus«
1656 3024 1806 3061 autem
1844 3016 2036 3073 subjecit
2063 3023 2347 3073 »praecepta
2389 3015 2680 3073 sapientiae,-

192 3110 251 3143 ne
288 3096 524 3142 moralium
561 3095 766 3142 locorum
802 3096 973 3141 saturis
1012 3096 1147 3140 simul
1187 3098 1457 3142 intextorum
1497 3110 1687 3155 prorsus
1723 3096 1948 3141 omitteret
1974 3096 2256 3140 mentionem.
2316 3096 2412 3140 Nec
2448 3102 2681 3152 praetereo

196 3178 424 3223 Lactantii
450 3177 786 3230 auctoritatem,
815 3177 856 3221 si
885 3190 974 3234 qua
1004 3184 1074 3221 est
1103 3178 1150 3221 in
1179 3177 1277 3232 his,
1309 3178 1601 3227 Quinctiliaui
1631 3178 1791 3231 verba,
1829 3185 1879 3220 nt
1906 3176 2110 3230 videtur,
2142 3175 2402 3232 usurpantis
2432 3174 2555 3220 lnstt.
2587 3176 2679 3220 div.

194 3257 277 3310 ll.,
308 3259 380 3303 12.
443 3255 764 3313 »Empedocles
794 3257 950 3315 (quem
980 3270 1067 3302 sua
1096 3270 1154 3302 ex
1185 3257 1408 3302 Hermetis
1438 3257 1723 3315 'trismegisti
1752 3257 1976 3314 sapientia
2003 3256 2215 3300 hausisse
2244 3255 2515 3313 conjectat),
2545 3269 2678 3312 quem
